3254 5408
603 383 816 450 ...77-

173 595 289 666 Ennia
307 594 363 665 hic
382 595 451 664 sita
469 601 523 664 est
541 594 745 683 Fructuosa,
765 595 949 665 karissima
968 596 1125 679 coniunx,

174 724 290 789 certae
308 719 497 807 pudicitiae
516 719 673 807 bonoque
694 719 858 808 obsequio
876 719 1049 791 laudanda
1067 725 1241 808 matrona3

174 842 241 915 XV
259 864 347 914 anno
365 843 484 913 mariti
501 864 624 913 nomen
643 845 787 934 accepit,
808 844 843 913 in
862 865 929 932 quo

281 967 429 1058 amplius
447 989 550 1056 quam
569 967 654 1037 XIII
671 968 791 1039 vivere
810 990 878 1039 non
896 970 1026 1058 potuit;

173 1113 261 1180 quae
280 1113 347 1163 non
368 1100 408 1162 ut
424 1093 553 1162 meruit
571 1093 622 1162 ita
640 1095 761 1163 mortis
781 1099 910 1164 sortem
929 1093 1065 1164 retulit:

174 1216 384 1287 carminibus
403 1215 515 1287 defixa
532 1217 640 1287 iacuit
658 1238 721 1306 per
739 1222 895 1306 tempora
913 1224 1021 1307 muta,

279 1346 319 1410 ut
338 1341 413 1411 eius
437 1341 583 1430 spiritus
602 1342 636 1410 vi
657 1348 935 1430 extorqueretur,
965 1363 1067 1431 quam
1095 1349 1240 1413 naturae
1267 1342 1346 1413 red-

1079 1467 1237 1554 deretur3

280 1590 378 1660 cuius
396 1589 538 1660 admissi
558 1589 612 1661 vel
631 1611 749 1661 menes
767 1590 822 1661 vel
842 1591 877 1660 di
897 1590 1064 1661 caelestes
1083 1597 1187 1661 erunt
1205 1591 1346 1663 sceleris

1071 1715 1236 1786 vindices.

170 1837 294 1908 Aelius
313 1840 397 1909 haec
415 1840 533 1929 posuit
552 1838 756 1910 Proculinus
775 1839 848 1927 ipse
864 1840 1027 1928 meriton,

171 1961 320 2049 legionis
339 1969 457 2033 tantae
476 1963 528 2034 III
546 1963 727 2052 Augustae
746 1963 918 2034 tribunus,

131 2179 160 2233 7.
179 2170 290 2233 omrili
307 2174 443 2246 traditum
463 2176 631 2248 suspicatur
650 2176 814 2241 Wilmanns
833 2173 925 2232 fuisse
944 2176 974 2232 in
991 2174 1090 2247 lapide
1108 2175 1273 2236 MARITE.

127 2262 325 2335 rhythmicum
359 2280 423 2322 esse
456 2270 587 2323 tenorem
620 2264 698 2322 tituli
731 2264 805 2321 vidit
838 2263 1011 2334 Wilmanns;
1045 2264 1183 2323 videntur
1216 2270 1246 2323 et
1272 2265 1344 2323 milri

62 2368 88 2410 r.
107 2367 135 2410 v.
158 2358 242 2410 l—4
263 2353 426 2411 iamborum
455 2354 583 2425 speciem
602 2370 675 2427 prae
694 2369 726 2412 se
744 2351 833 2426 ferre,
863 2356 969 2412 5-10
989 2353 1175 2412 hexametros
1198 2353 1343 2426 redolere,

65 2445 113 2499 11.
137 2444 176 2499 12
197 2441 306 2498 iterum
334 2442 461 2500 iambico
489 2459 610 2511 numero
638 2443 825 2516 aliquatenus
853 2457 919 2500 esse
947 2443 1109 2514 compositi,
1140 2446 1179 2502 13
1199 2450 1229 2500 et
1250 2447 1343 2501 14-

62 2545 128 2586 esse
147 2529 323 2600 hexametri
342 2547 368 2590 v.
385 2533 404 2590 8
425 2531 512 2589 etiam
532 2530 570 2588 ad
587 2531 765 2604 pentametri
784 2529 1006 2589 similitudinem
1026 2531 1150 2602 accedit·
1168 2531 1344 2605 rediguntur

61 2618 196 2676 nonnulli
216 2618 253 2676 nd
272 2624 383 2677 certam
403 2620 629 2692 archetyporum
648 2617 781 2692 formam,
799 2625 844 2678 ut:

277 2777 352 2835 quae
371 2763 439 2820 sunt
455 2763 636 2834 praeteritae
655 2762 734 2820 vitae
752 2761 929 2834 testimonia,

278 2868 354 2909 nunc
374 2850 563 2909 declarantur
581 2851 636 2909 hac
656 2852 804 2924 scriptura
822 2850 966 2923 postuma3

276 2940 350 2997 haec
361 2939 430 2997 sunt
439 2941 516 2998 enim
527 2940 618 2998 durae
628 2941 733 2998 mortis
745 2940 864 3011 solacia,
874 2934 941 3015 (volt
951 2939 1006 2997 hoc
1017 2945 1093 3000 este.
1099 2940 1125 3000 d.
1133 2940 1340 3016 msolacium),

276 3027 327 3086 ubi
346 3027 514 3087 continetur
533 3027 652 3105 (functi)
672 3035 796 3088 aeterna
814 3029 966 3088 memoria.

169 3148 240 3183 2„
259 3117 307 3175 hic
326 3118 425 3189 posita
444 3123 489 3176 est
507 3162 522 3183 ν
534 3163 549 3182 .,
561 3117 754 3184 2kariss1ma
773 3119 909 3191 coniunx,

168 3211 261 3277 casta,
279 3205 391 3278 pudens
411 3206 544 3279 bonoque
563 3207 703 3280 obsequio
722 3206 870 3264 laudanda
888 3209 1032 3280 niatrona,

169 3311 245 3366 quae
264 3311 324 3354 non
341 3300 374 3352 ut
392 3297 500 3353 meruit
518 3297 560 3354 sic
579 3297 682 3354 mortis
702 3303 782 3354 sorte
801 3302 957 3369 perempta
975 3295 1046 3372 (est)

169 3383 348 3443 carminibus
368 3382 464 3442 delixa
482 3385 560 3442 iacet
578 3400 632 3456 per
651 3391 786 3457 tempora
804 3391 894 3445 muta.

169 3472 271 3531 manes
291 3473 338 3532 vel
357 3472 388 3530 di
407 3472 550 3532 caelestes
569 3473 689 3532 sceleris
709 3473 850 3533 vindices

166 3593 212 3628 2„
224 3606 238 3626 .
257 3562 331 3620 haec
349 3563 449 3634 posuit
467 3595 589 3629 wi„
608 3563 673 3634 ipse
692 3563 824 3622 maritus.

129 3709 180 3763 11.
199 3720 302 3763 sensus
321 3710 375 3763 est:
394 3700 425 3764 ci
443 3705 676 3781 actorqucretor
693 3701 827 3782 (potius)
846 3721 938 3782 quom
956 3721 986 3765 n.
1005 3722 1040 3766 r.:
1064 3706 1194 3778 pervim
1214 3705 1338 3776 periisse

57 3793 215 3851 mulierem
235 3793 409 3864 ostenditur;
458 3799 505 3852 14.
526 3794 633 3854 tontoc
651 3794 699 3852 vel
717 3794 813 3853 laudis
842 3795 938 3868 gratia
966 3794 1113 3853 adiectum
1141 3794 1188 3851 rel
1215 3794 1338 3865 legionis

57 3898 214 3940 numerum
234 3899 400 3956 nomenque
419 3889 524 3955 postea
542 3883 642 3941 addito
660 3899 725 3941 esse
745 3883 882 3955 ostendit,
901 3881 938 3943 ci.
957 3884 1037 3959 VIII,
1057 3886 1151 3942 3166.

665 4153 749 4220 rue.
780 4114 783 4118 ’

54 4289 144 4360 VIII
175 4291 275 4361 2803
306 4289 694 4361 Lambaesis=18140
1043 4289 1143 4380 (olitt.
1165 4289 1338 4381 rudibus»)

588 4432 620 4502 d.
678 4455 723 4503 m.
779 4453 807 4502 s,

164 4555 256 4645 quod
275 4557 371 4645 potui
391 4555 608 4626 miserandus
626 4556 739 4644 homo,
759 4578 813 4626 me
833 4556 930 4625 iunxi
949 4555 1116 4646 sepulcre,

165 4679 263 4769 kara,
283 4687 356 4769 tuo,
376 4680 483 4751 donec
501 4703 555 4751 me
575 4713 591 4747 ι
609 4702 686 4751 mea
704 4681 777 4751 vita
795 4681 961 4751 manebit:
