3254 5408
703 367 917 438 -394-

755 626 831 695 940
841 645 869 695 c.

169 730 204 803 V
233 733 335 804 6739
365 729 547 803 Vercellae

628 871 659 931 in
677 872 807 930 carmine
825 870 996 931 christiano:

279 1035 313 1086 v.
366 1018 398 1084 l:
419 1013 554 1103 discite,
574 1013 633 1104 qni
652 1014 770 1102 legitis
789 1013 822 1085 d.
843 1034 889 1086 m.
907 1035 936 1085 r.

278 1159 312 1210 v.
362 1141 397 1209 5:
418 1140 549 1229 septies
566 1139 622 1211 hic
640 1139 764 1228 quinos
781 1137 989 1232 transe[g]it
1007 1139 1162 1229 corporis
1180 1157 1291 1210 annus

277 1284 310 1334 v.
335 1265 395 1335 10:
416 1262 462 1334 ad
481 1258 655 1334 dominum
673 1261 817 1333 meliore
834 1262 892 1334 via
909 1262 1158 1354 requiemq(ue)
1176 1262 1316 1334 mereri.

242 1549 271 1608 1.
288 1458 514 1620 solitalloddtdo,
531 1543 569 1607 ci.
587 1546 622 1618 V,
647 1549 743 1620 3403,
766 1545 805 1606 ad
820 1545 850 1607 'u
873 1550 912 1606 lo
931 1545 1032 1605 attulit
1048 1544 1159 1637 Hosius
1176 1545 1286 1608 Lucan
1305 1546 1357 1620 IX,
1375 1548 1438 1607 394.

171 1915 223 1988 VI
254 1920 352 1989 1285
381 1918 491 1990 Roma
771 1814 861 1882 941.

277 2076 457 2150 Cornelius
476 2075 606 2148 Lucius
624 2075 738 2164 Scipio
757 2075 940 2166 Barbatus,

277 2201 436 2274 Gnaivod
454 2207 555 2292 patre
575 2205 775 2292 prognatus,
795 2199 897 2273 fortis
915 2201 971 2272 vir
987 2201 1207 2292 sapiensque;
1298 2188 1302 2197 ’

277 2326 400 2415 quoius
419 2324 529 2399 forma
546 2325 691 2398 virtutei
708 2327 884 2416 parisumu
901 2325 980 2415 init,

278 2450 405 2541 consol,
428 2472 561 2543 censor,
581 2449 697 2522 aidilis
716 2451 796 2540 quei
815 2448 883 2520 fuit
902 2450 993 2540 apud
1010 2471 1087 2540 vos3

278 2574 456 2668 Taurasia,
480 2573 642 2664 Cisauna,
662 2573 800 2647 Samnio
819 2575 922 2664 cepit,

277 2699 409 2790 subigit
427 2719 525 2770 omne
543 2698 740 2770 Loucanam
760 2698 964 2788 opsidesque
982 2698 1170 2770 abdoncsit.

239 2983 275 3044 do
294 2984 417 3059 singulis
435 2983 539 3042 hornm
559 2983 721 3056 alogiorum
749 2979 852 3042 formis
879 2981 946 3040 vido
975 2998 1050 3056 quae
1078 2980 1241 3056 conscripsi
1268 2984 1300 3044 in
1327 2984 1444 3058 Epnen

171 3072 244 3134 Min.
262 3073 347 3134 Publ.
364 3073 453 3133 lnstr.
475 3074 559 3133 1884
578 3089 616 3134 m.
635 3072 757 3132 Januar.
775 3072 807 3130 in
825 3076 896 3131 sect.
919 3070 1021 3144 philol
1044 3071 1131 3131 class.

239 3165 267 3223 6.
286 3159 506 3222 ABDOVOSIT
524 3161 599 3234 lapis
618 3161 730 3220 inserta
753 3160 790 3219 ab
814 3161 880 3233 ipso
908 3160 1096 3233 quadratario
1123 3159 1227 3219 littera
1244 3160 1265 3221 S
1283 3162 1446 3235 corrigendi

171 3267 270 3327 cansa,
289 3267 364 3324 quaa
383 3250 474 3310 minio
493 3255 595 3310 nostra
613 3255 712 3309 aetate
729 3267 789 3309 non
807 3248 944 3321 obducta,
971 3266 1029 3309 non
1056 3255 1181 3322 apparot
1207 3248 1266 3308 nisi
1292 3248 1446 3325 diligenter

169 3341 305 3412 intuenti
323 3338 361 3400 ci.
379 3355 456 3414 quaa
475 3338 613 3399 adnotavi
631 3340 662 3398 in
680 3339 805 3412 Ephem.
824 3337 927 3396 eadem
947 3354 973 3398 a
996 3341 1089 3409 18883
1117 3339 1206 3398 etiarn
1233 3337 1273 3398 ad
1296 3338 1445 3400 SVBIGIT

169 3429 243 3488 illud
262 3429 339 3503 qnod
357 3429 473 3501 attinet,
491 3445 557 3487 cum
575 3428 612 3486 iis
631 3425 718 3501 facio,
736 3428 786 3500 qui
805 3443 936 3486 errorem
956 3442 1022 3485 eum
1040 3431 1146 3500 putant
1164 3427 1321 3502 lapicidae,
1339 3446 1394 3503 pro
1413 3444 1446 3488 eo

171 3517 249 3591 quod
268 3523 299 3577 et
315 3522 442 3577 metrum
461 3523 492 3577 ot
509 3517 654 3577 sententia
672 3517 806 3590 requirit,
824 3515 999 3576 SVBEGIT.

771 3786 859 3854 942.

170 3889 222 3961 VI
253 3892 353 3962 1287
382 3889 493 3962 Roma

382 4050 471 4122 honc
490 4052 567 4122 oino
585 4051 754 4142 ploirume
774 4051 966 4123 cosentiont
984 4048 1169 4143 R[omane]

382 4175 536 4248 duonoro
555 4183 694 4264 optumo
712 4173 801 4247 inise
820 4176 907 4266 viro,

382 4298 527 4372 Lucium
546 4299 715 4390 Scipione,
736 4298 824 4371 filios
843 4300 1000 4372 Barbati.

382 4425 499 4496 consol
518 4444 639 4497 censor
657 4423 773 4495 aidilis
792 4425 846 4494 hic
865 4423 940 4495 fuet
957 4422 1067 4516 a[pud
1085 4422 1175 4516 vos],

382 4549 447 4621 hec
465 4549 558 4639 cepit
576 4547 716 4621 Corsica
733 4548 919 4638 Aleriaque
939 4548 1036 4638 urbe,

382 4672 486 4744 dedet
503 4671 788 4762 Tempestatebus
807 4672 883 4743 aide
902 4678 1032 4744 mereto
