3254 5408
659 359 872 428 ..13-

230 566 385 656 coniugis
405 574 440 638 et
457 567 553 658 m(e)i
571 589 615 657 po
641 560 646 668 l
672 571 725 640 sui
744 570 934 642 stilibatam
954 593 1058 644 causa
1078 595 1159 646 arae
1185 569 1190 675 Ι

231 691 423 764 viatoribus

110 825 133 880 6
618 816 705 888 bene
725 820 908 890 concordes

337 941 461 1012 vivite:
483 942 629 1014 vivendo
648 942 688 1012 fit
705 945 818 1014 minus
837 966 905 1016 una
924 945 1009 1016 (lies.

228 1084 459 1136 commemora
478 1071 592 1137 tecum
610 1119 702 1152 -.·.
726 1068 775 1137 nil
795 1069 1025 1140 stomacandi:

335 1189 422 1261 haec
442 1189 541 1261 nobis
560 1190 705 1283 d(omus)
726 1197 909 1283 perpetua!

188 1403 219 1461 2.
235 1397 397 1474 mernoria3
445 1405 473 1462 3.
492 1399 544 1475 mi,
561 1403 646 1476 lapis.

188 1492 275 1550 5-8
294 1490 395 1550 lacera
412 1491 503 1551 habes
522 1492 656 1551 membra
674 1492 868 1552 distichorum
888 1493 1020 1554 duorum.

729 1727 790 1795 32.

109 1879 170 1951 ΙΙΙ
201 1882 304 1953 2609
327 1912 374 1943 =
398 1886 502 1954 2964
524 1914 572 1944 =
596 1886 697 1955 9418
727 1883 874 1955 Salonae

227 2042 357 2114 Vitalis
381 2035 386 2142 l
412 2041 544 2113 Pieridi
568 2035 573 2141 l
598 2043 641 2113 L.
661 2043 827 2133 Pomponi
847 2045 993 2115 Pietatis
1013 2047 1165 2136 vennae)
1190 2039 1195 2143 l
1219 2046 1254 2117 b.
1274 2069 1319 2118 m.

334 2167 447 2238 Pieris
466 2169 530 2238 hoc
548 2167 680 2238 tumulo
699 2169 843 2258 tegitur,
865 2168 906 2238 dc
926 2176 1036 2239 matre
1055 2169 1212 2241 'Venusto

441 2297 538 2363 sexto
558 2299 640 2363 nuta
657 2292 732 2362 loco
751 2313 838 2381 qnae
858 2291 925 2362 suit
946 2315 964 2363 e
982 2293 1138 2382 reliquis

332 2417 483 2487 nondum
501 2417 627 2505 viginti
646 2416 780 2487 iuvenis
799 2416 1032 2506 compleverat
1051 2438 1169 2505 annos,

441 2540 521 2629 quoi
540 2560 675 2628 quoque
693 2540 878 2629 virginitas
896 2563 1007 2631 nuper
1024 2541 1184 2631 adempto
1202 2539 1279 2631 fuit,

332 2669 502 2754 grataque
520 2661 664 2733 florebat
685 2665 818 2734 cunctis
836 2665 1041 2736 mortalibus
1059 2672 1168 2756 aetas²

440 2809 542 2877 quam
560 2787 648 2857 Fors
666 2787 710 2859 ad
729 2809 870 2877 superos
889 2789 1001 2859 uoluit
1019 2810 1094 2859 esse
1114 2789 1185 2860 diu.

331 2934 400 2985 non
418 2913 531 3002 pudor
548 2912 629 2982 huic
648 2911 779 3003 aberat,
799 2914 912 3002 pietas
930 2933 998 2982 non
1016 2918 1117 3000 grata
1134 2915 1282 3002 parenti,

439 3057 507 3107 non
525 3056 621 3106 amor
638 3037 675 3105 in
693 3034 819 3106 fratres
839 3037 913 3105 eius
932 3055 1056 3106 avarus
1076 3041 1165 3106 erat:

331 3181 411 3232 caru
428 3159 497 3229 fuit
515 3166 627 3230 mater
645 3159 783 3230 fuerant
802 3180 970 3248 caraeque
989 3180 1123 3230 sorores

439 3290 474 3355 et
492 3285 551 3373 piu
569 3285 728 3373 coniugio
747 3289 914 3373 grataque
933 3305 1069 3373 semper
1087 3290 1172 3354 erat.

327 3409 444 3480 invida
462 3408 593 3480 Pieridi
612 3430 688 3479 cum
707 3409 802 3479 venit
820 3406 959 3479 letifera
977 3409 1074 3497 hora,

436 3554 505 3622 qua
523 3532 642 3603 cubuit
660 3532 756 3602 molli
775 3532 939 3621 languido
958 3554 1060 3623 saepe
1078 3540 1167 3622 toro,

328 3658 417 3730 hanc
435 3658 588 3746 Atropos
606 3658 722 3746 rapuit
740 3657 973 3746 Lacliesisque
992 3663 1027 3727 et
1045 3657 1151 3727 tertia
1170 3655 1309 3728 Clotho:

435 3780 556 3851 infelix
574 3788 686 3851 mater
703 3781 796 3851 tollit
816 3781 860 3851 ad
879 3789 974 3851 astru
991 3802 1124 3869 monuo,

330 3906 532 3995 incusatque
552 3906 645 3993 deos,
665 3906 800 3976 incusat
819 3906 964 3994 denique
984 3906 1123 3994 Parcas,

436 4051 524 4119 quae
542 4032 649 4101 vitam
667 4038 813 4120 pensant
832 4051 985 4119 quaeque
1005 4029 1122 4100 futura
1142 4034 1280 4100 canunt.

327 4155 504 4245 inplerunt
523 4154 651 4224 fratres
670 4155 804 4242 maguis
823 4153 1013 4243 mugitibus
1032 4173 1134 4223 auras

432 4288 467 4350 et
486 4281 600 4351 cuncti
618 4279 747 4350 flebunt
765 4299 828 4349 nec
847 4279 960 4348 minus
981 4286 1062 4349 ante
1080 4298 1214 4367 rogum.

327 4404 411 4475 haec
430 4402 560 4473 suited
579 4403 748 4474 tumulum
767 4404 914 4473 miserae
933 4423 999 4472 vox
1018 4402 1141 4472 ultima
1158 4402 1292 4490 matris,

433 4548 511 4598 ossa
530 4527 631 4596 simul
650 4527 739 4597 vidit
757 4527 876 4598 tabida
894 4526 1058 4597 Pieridis:

326 4652 431 4723 «hanc
449 4651 585 4722 Homus
604 4653 741 4742 excepit
760 4651 895 4741 leviter,
916 4671 1048 4740 precor,
1069 4649 1130 4719 illa
1149 4656 1361 4740 prematque,
1413 4680 1417 4685 ·
