3254 5408
713 345 926 414 -190-

782 595 870 664 454.

179 699 232 768 VI
261 700 386 770 24961
420 699 531 770 Roma

287 840 531 914 au.1m.Vd.
553 838 586 911 X
611 833 617 939 Ι
641 839 694 911 dis
713 840 872 912 manibus
896 833 902 940 Ι
925 841 1083 918 Primilla
1100 840 1203 933 fiilio)
1223 857 1284 915 suu
1306 840 1311 946 l
1331 847 1396 916 Ism

285 967 350 1038 hoc
369 966 437 1037 tibi
455 964 516 1037 dat
533 963 705 1036 tumulum
723 965 865 1055 pietatis
883 967 1021 1037 numine
1040 973 1163 1059 mater,

393 1097 428 1162 et
446 1060 611 1180 properat
628 1088 758 1182 iut[r]0
777 1089 929 1183 sulve[re
947 1091 1101 1163 membra
1120 1092 1251 1186 simul].

247 1359 276 1417 2.
295 1267 582 1428 empnssnldcldns
600 1349 716 1416 solvan
734 1350 829 1430 iactu,
848 1351 916 1417 calc
934 1357 1092 1417 Burmann.

247 1448 275 1505 3.
294 1439 445 1505 tumulum
464 1444 562 1503 neutri
582 1444 706 1518 generis,
726 1450 758 1503 ut
775 1445 895 1517 passim.

780 1677 868 1746 455.

177 1782 228 1853 VI
257 1784 385 1854 25063
415 1781 525 1852 Roma

284 1925 352 1995 heu
371 1921 509 1996 crudele
527 1923 632 1994 nimis
650 1920 775 1995 fatum!
796 1922 866 1994 dua
883 1922 1005 1995 lunera
1022 1945 1180 1998 maerens

390 2047 517 2138 plango
536 2046 591 2119 vir
610 2052 646 2117 et
664 2047 802 2136 genitur
819 2045 935 2119 flebile
953 2068 1067 2120 mersu
1085 2048 1160 2120 deu.

284 2171 483 2261 emineret,
503 2170 705 2260 Porthmeu,
727 2171 849 2244 cumba
867 2173 1020 2244 vexsisse
1040 2174 1213 2265 maritam,

390 2296 638 2386 abreptamque
656 2295 742 2367 mihi
761 2295 842 2367 sede
860 2297 974 2368 iacere
992 2303 1068 2368 tua:

282 2421 410 2494 adiecit
429 2419 552 2492 Chlote
570 2420 736 2491 iteratum
755 2441 917 2510 rumpere
935 2419 1043 2510 filum,

388 2554 428 2618 ut
446 2551 565 2616 natum
583 2550 724 2634 raperet
741 2545 865 2634 tristis,
886 2550 926 2616 ut
944 2551 1037 2636 aute,
1056 2546 1154 2617 mihi.

282 2692 335 2743 me
355 2671 472 2743 decuit
489 2671 592 2741 morti
612 2669 708 2760 prins
727 2669 929 2741 accubuisse
947 2691 1152 2761 suppremae

387 2800 491 2885 teque
510 2794 596 2864 mihi
613 2792 713 2885 tales,
733 2799 826 2883 uate,
847 2793 929 2865 dare
948 2795 1140 2885 exsequiae.

280 2925 318 2991 at
335 2925 375 2991 tn
393 2940 437 2990 ne
455 2939 616 3010 propera,
636 2916 741 2988 simili
759 2917 819 3008 qui
838 2923 932 2989 sorte
950 2918 1090 3010 teneris,

387 3045 477 3116 dunc
495 3064 603 3116 annus
620 3042 735 3133 titulo,
756 3043 895 3115 numina
912 3048 952 3114 ut
970 3044 1044 3132 ipse
1063 3043 1171 3134 legas.

279 3168 342 3239 illa
359 3168 413 3239 bis
431 3167 596 3256 undenus,
617 3167 706 3238 vixit
723 3171 826 3238 natus
846 3188 981 3258 quoque
1001 3188 1121 3257 senus·

386 3313 511 3364 numen
529 3292 608 3362 huic
627 3291 761 3363 Probus
779 3300 844 3376 est,
865 3293 945 3364 huic
963 3293 1101 3382 quidem
1124 3293 1343 3365 Athenaidis.

280 3438 365 3507 quas
384 3437 460 3508 ego,
481 3435 566 3505 quas
584 3415 722 3506 genitor
739 3437 802 3506 pru
821 3423 857 3487 te
877 3416 977 3508 dabo,
998 3423 1089 3507 nate,
1110 3417 1293 3507 querellae,

386 3545 523 3630 raptum
541 3539 670 3631 que(m)
689 3539 810 3630 Stygio
829 3540 962 3610 detinet
979 3540 1072 3611 unda
1090 3541 1182 3614 lacu!

280 3686 382 3754 quam
400 3665 488 3735 bene
506 3664 561 3735 bis
580 3683 681 3735 senus
698 3662 856 3754 florebas,
876 3686 994 3755 parve,
1013 3686 1077 3755 per
1095 3686 1213 3756 annos,

387 3787 635 3877 credebamque
655 3787 730 3858 deis
748 3793 830 3860 vota
848 3789 984 3879 placere
1002 3795 1092 3862 mea!

279 3914 429 3984 stamina
446 3917 618 4002 ruperunt
637 3912 752 3983 subito
770 3919 832 3984 tna
850 3914 996 3986 candida
1013 3914 1144 3987 Parcae

384 4036 671 4128 apstulerunlque
691 4037 793 4108 simul
811 4045 893 4111 vota
909 4060 1097 4129 precesque
1115 4040 1212 4111 mihi.

277 4183 354 4235 cnm
373 4170 419 4254 te,
441 4168 534 4252 uate,
553 4159 631 4253 fleu,
651 4161 809 4252 planctus
828 4162 933 4234 debet
951 4164 1070 4235 Attica
1088 4163 1185 4253 aedo,

170 4308 205 4359 20
384 4294 419 4359 et
437 4307 551 4359 cemes
570 4286 615 4358 ad
632 4287 815 4359 lachrimas
834 4288 952 4360 veniet
969 4309 1032 4377 pru
1051 4289 1197 4379 coniuge
1216 4288 1329 4379 Siren,

277 4431 413 4501 semper
432 4416 469 4481 et
487 4409 642 4499 Alcyone
660 4409 759 4482 flebit
777 4417 812 4482 te
831 4432 914 4483 voce
934 4432 1105 4503 suprema,

383 4542 418 4608 et
436 4535 549 4606 tristis
565 4555 699 4606 mecum
717 4535 900 4608 resonabet
918 4557 1055 4608 carmen
1074 4543 1110 4607 et
1127 4536 1234 4627 Echo,

276 4660 509 4750 Oebaliusque
528 4659 625 4732 dabit
642 4682 775 4732 mecum
794 4661 859 4733 tibi
878 4683 1055 4734 murmura
1073 4683 1210 4752 cycnus
