3254 5408
713 381 927 451 —338-

250 593 333 651 1—e
354 591 490 650 videntur
509 589 599 651 luisse
617 591 791 665 hexametri,
811 596 896 653 6-8
917 594 1027 653 senarii
1039 593 1174 665 iambici.
1187 610 1243 655 ιν.
1256 599 1270 654 1
1283 595 1349 656 init
1360 599 1388 655 2.
1399 600 1447 656 de

179 678 314 755 (praeter
333 675 538 757 titulumque).
559 685 587 742 6.
607 685 625 740 7
646 679 746 758 (legis)
771 685 790 742 8
811 683 946 756 supplevi
966 699 1010 744 ex.
1029 700 1072 756 gr.

779 915 868 983 822.

179 1014 262 1088 XIV
293 1020 395 1089 2298
424 1038 509 1107 ager
536 1017 691 1090 Albanus
1186 1041 1215 1092 e.
1236 1042 1268 1092 e.
1293 1025 1343 1093 20
1361 1044 1393 1112 p.
1412 1024 1441 1096 G.

285 1159 334 1230 M.
355 1159 519 1231 Aurelius
538 1160 660 1233 Cottae
681 1154 685 1260 Ι
706 1159 852 1233 Maximi
866 1160 890 1232 l.
906 1161 1065 1232 Zosimus
1084 1153 1090 1263 Ι
1110 1182 1274 1234 aecensus
1293 1166 1420 1253 petroni
1436 1158 1440 1257 Ι

284 1281 468 1356 libertinus
487 1306 596 1357 erem:
617 1283 746 1372 luteor;
766 1285 827 1356 sed
845 1283 937 1358 facta
954 1285 1093 1375 legetur

390 1415 536 1500 petrono
555 1410 657 1483 Colis
674 1410 805 1482 nobilis
819 1409 940 1481 umbra
958 1431 1045 1482 mea.

284 1534 343 1623 qui
362 1535 447 1605 mihi
467 1554 569 1626 saepe
587 1535 699 1607 libens
717 1555 840 1606 census
859 1534 1000 1607 donavit
1018 1537 1201 1625 equestris,

390 1661 451 1749 qui
470 1660 573 1731 iussit
590 1666 690 1731 natos
707 1659 843 1748 tollere,
864 1679 949 1748 quos
968 1659 1088 1751 aleret,

283 1783 411 1872 quique
430 1804 511 1854 sues
530 1785 701 1855 commisit
719 1805 802 1873 opes
820 1784 904 1854 mihi
923 1804 1069 1873 semper,
1091 1791 1127 1855 et
1145 1784 1237 1856 idem

390 1907 523 1979 dotavit
540 1915 651 1997 natae,
672 1915 712 1978 ut
728 1915 839 1998 peter,
860 1908 934 1998 ipse
953 1929 1057 1997 meae,

282 2030 535 2122 Cotteuumque
553 2054 665 2103 meum
684 2032 849 2123 produxit
868 2033 996 2104 honore
1014 2033 1159 2124 tribuni,

387 2177 489 2247 quem
508 2155 610 2228 fortis
628 2157 751 2229 cestris
769 2156 928 2230 Ceeseris
947 2159 1106 2230 emeruit.

177 2301 209 2354 ιο
280 2281 363 2374 quid
382 2302 449 2352 uou
469 2280 572 2354 Cotta
590 2281 709 2354 dedit?
728 2283 786 2372 qui
805 2303 896 2353 nune
915 2287 951 2353 et
968 2283 1122 2354 carmine
1140 2284 1254 2355 tristis

387 2407 471 2479 hoec
490 2405 587 2477 dedit
605 2407 641 2477 iu
660 2406 792 2477 tumulo
811 2406 1052 2496 conspiciende
1069 2428 1157 2479 meo.

241 2671 319 2731 tituli
337 2583 708 2745 pridallioomrrauonem
728 2670 795 2730 vide
814 2689 860 2746 ep.
875 2672 1046 2732 Heuzenum
1060 2673 1137 2735 Anu.
1152 2673 1212 2732 dell
1226 2674 1308 2735 'lust
1326 2677 1402 2735 1865
1416 2691 1457 2746 p.

175 2764 192 2820 6
213 2777 284 2835 sqq.;
304 2758 537 2835 etMorquurdt
556 2756 664 2822 Pr1.1⁹
683 2778 712 2834 p.
735 2763 796 2820 178
815 2765 876 2822 not.
896 2766 925 2827 4,

171 3099 255 3171 XIV
285 3103 386 3172 2302
415 3120 500 3189 eger
526 3098 683 3170 Albanus
774 2995 863 3064 823·
1230 3120 1263 3171 e.
1283 3121 1318 3191 p.
1340 3100 1378 3174 O.
1402 3105 1440 3171 ll

279 3241 316 3314 G.
336 3241 445 3313 Iulius
464 3243 556 3332 Aug.
576 3240 696 3312 liberti
719 3234 725 3341 Ι
750 3240 898 3313 libertus
920 3242 1011 3313 Eros
1035 3235 1041 3341 Ι
1065 3243 1176 3332 pistor
1203 3242 1422 3316 cendiderius
1441 3239 1445 3340 Ι

276 3386 340 3457 per
366 3386 484 3456 euuos,
514 3386 600 3455 quos
622 3365 714 3436 iuter
737 3359 744 3464 Ι
767 3366 932 3438 mortales
949 3366 1018 3438 fuit
1035 3373 1116 3439 oute
1134 3388 1213 3438 eum
1231 3367 1336 3458 diem,
1362 3366 1368 3464 Ι
1392 3370 1448 3459 qui

276 3489 344 3562 fuit
370 3491 422 3561 VI
448 3490 526 3561 idus
553 3490 653 3580 Mei,
681 3490 770 3562 vixit
794 3489 800 3582 Ι
824 3511 930 3562 anuos
958 3492 1001 3563 L.
1025 3492 1129 3562 huius
1155 3493 1307 3563 secrevit
1331 3487 1338 3592 Ι
1361 3493 1447 3564 Iulis

170 3630 174 3637 ·
277 3613 456 3706 Glophym
473 3615 657 3686 collibertus
680 3607 685 3714 Ι
711 3622 747 3686 et
765 3617 943 3707 praestitit
961 3615 1074 3689 officie
1098 3611 1103 3714 Ι

237 3794 266 3852 2.
284 3806 360 3868 ques
377 3788 398 3850 i
416 3807 455 3851 uu
463 3787 544 3871 fuit,
572 3797 601 3853 4.
613 3787 781 3869 praestitit
801 3787 904 3870 officio
926 3811 944 3852 e
961 3795 1092 3854 metricis
1119 3793 1257 3855 ridentur
1284 3792 1446 3868 desumpte3

169 3879 206 3942 ci.
224 3881 304 3954 xiv,
323 3883 418 3941 3838:
444 3895 523 3957 quae
540 3896 659 3958 suuper
676 3875 797 3940 ueritis
809 3878 975 3957 moaetitit
996 3877 1107 3960 officim
1133 3885 1224 3943 etiem
1251 3880 1391 3946 movit
1417 3884 1445 3940 iu

168 3970 302 4030 clausule
319 3969 483 4030 hexametri
501 3986 591 4043 seepe
609 3969 793 4029 observetur.

168 4307 252 4382 xlv
281 4312 383 4381 2485
412 4307 700 4380 Castrimoenium
769 4203 859 4272 824·

380 4451 420 4524 C.
442 4449 572 4520 Herius
591 4450 692 4522 Felix
711 4451 904 4542 petruulus)
928 4445 934 4548 Ι
959 4449 1088 4521 Heriee
1106 4449 1269 4540 Helpiuis
1292 4450 1299 4550 Ι

273 4577 330 4647 hic
348 4584 400 4646 est
419 4574 480 4645 ille
498 4574 586 4645 situs
603 4575 733 4646 florius
751 4574 852 4646 Felix
870 4574 1140 4664 coaequalihlus)
1157 4577 1324 4664 cuncteis,

272 4701 352 4790 quei
371 4699 482 4769 reixit
499 4717 607 4768 anuos
624 4699 763 4788 viginti,
