3254 5408
706 335 920 403 -43-

242 638 270 694 3.
291 639 336 692 est
353 544 525 692 uniames
543 633 591 691 vel
609 649 673 692 esse
693 631 845 704 debuerat
868 634 940 692 item
960 650 986 693 v.
1007 637 1026 690 4
1046 632 1149 691 ultimo
1167 631 1244 707 pede
1263 637 1398 707 excepta
1416 632 1452 692 de
1555 635 1559 642 ’

170 741 199 783 v.
220 725 239 782 5
258 723 331 782 lieet
348 722 494 781 dubitare:
520 722 593 779 mihi
612 726 642 781 et
659 721 708 780 hic
726 720 844 780 videtur
862 722 900 780 ad
919 719 1042 781 eandem
1061 737 1193 781 normam
1212 720 1344 794 tendere
1368 737 1453 782 sena·

170 813 235 870 rius
255 817 301 870 est
319 811 511 871 Buechelero.

779 973 867 1042 100.-

170 1097 223 1168 VI
256 1099 381 1168 15346
411 1095 519 1167 Roma

170 1284 172 1286 -
281 1239 418 1328 hospes
438 1237 531 1327 quud
549 1237 658 1328 deice,
678 1236 832 1327 paullum
850 1243 918 1324 est:
939 1243 1017 1308 asta
1033 1259 1073 1309 ac
1091 1237 1237 1328 pellege.

170 1388 174 1394 ·
281 1362 358 1433 heic
377 1367 430 1432 est
448 1361 645 1451 sepulcrum
662 1361 731 1432 hau
749 1361 906 1450 pulcrum
924 1361 1059 1451 pulcrai
1077 1360 1241 1433 feminae:

281 1507 403 1557 nomen
421 1492 584 1576 parentes
602 1487 824 1558 nominarunt
842 1485 1032 1558 Claudiam.

281 1630 378 1682 suum
396 1612 579 1682 mareitum
597 1610 699 1682 corde
717 1610 860 1686 deilexit
879 1631 972 1702 savo,

282 1741 406 1823 gnatos
418 1725 509 1807 'duos
528 1737 674 1807 creavit:
694 1720 826 1807 haru'ne
843 1735 991 1807 alterum

280 1860 317 1928 in
335 1865 432 1930 terra
448 1859 587 1949 linquit,
608 1859 714 1930 alium
734 1859 797 1930 sub
817 1867 912 1931 terra
928 1859 1030 1931 locat.

281 2004 437 2054 sermone
455 1983 582 2075 lepido,
602 1989 676 2054 tum
695 1989 810 2055 autem
829 1985 964 2056 incessu
983 1983 1175 2072 cumm0d03

193 2181 196 2185 ‚
280 2107 418 2178 domum
437 2109 601 2196 servavit,
621 2107 736 2179 lanum
754 2107 849 2180 fecit.
869 2109 957 2179 dixi:
978 2108 1071 2180 abei!

388 2285 478 2345 1352

242 2372 372 2431 alueus
391 2373 549 2432 verborum
568 2373 647 2447 talis,
665 2373 760 2446 qualis
779 2373 905 2432 alterum
926 2373 1092 2446 exemplum
1111 2388 1171 2432 non
1188 2374 1266 2445 novi3
1309 2377 1337 2434 6.
1355 2367 1453 2433 alitem

171 2477 228 2534 pro
249 2456 383 2521 alterum
401 2462 448 2520 vel
465 2463 564 2535 potius
582 2458 699 2522 altrum
717 2479 781 2521 esse
801 2467 974 2536 usurpatum
994 2463 1107 2521 monuit
1119 2461 1293 2534 Buecheler3
1331 2467 1358 2522 7.
1377 2460 1453 2521 adds

160 2546 244 2629 suit
263 2551 329 2610 tum
347 2551 450 2611 drumm
468 2550 616 2623 plebeium
636 2555 667 2609 et
685 2552 874 2622 comicorum
921 2554 949 2612 8.
968 2551 998 2609 in
1017 2553 1162 2610 matronis
1181 2567 1269 2624 saepe
1288 2549 1434 2611 laudatus.

779 2785 865 2854 101.

172 2904 226 2976 VI
256 2906 382 2975 15546
411 2905 521 2976 Roma

678 3029 744 3100 diis
799 3030 956 3101 manibus

282 3152 443 3225 Claudiae
475 3153 606 3242 Pistes3
633 3150 799 3253 {Primus
831 3154 970 3244 coniugi
994 3149 1000 3253 Ι
1024 3160 1195 3246 optumae,
1225 3159 1363 3226 sauctae
1388 3147 1393 3252 Ι
1418 3161 1454 3225 et

281 3279 371 3366 piae,
392 3277 626 3348 benemeritus
650 3272 656 3376 Ι

283 3422 350 3471 nau
367 3387 505 3490 aequus,
525 3389 668 3488 Parcae,
688 3403 861 3473 statuistis
880 3405 1027 3475 stamina
1044 3405 1154 3476 vitae:

282 3532 353 3595 tam
369 3525 456 3595 bene
476 3527 683 3615 compositus
701 3526 864 3616 potuistis
883 3527 963 3598 sede
982 3535 1115 3599 tenere.

388 3649 515 3720 amissa
535 3656 588 3719 est
607 3651 772 3721 coniunx:
794 3672 855 3721 eur
874 3673 938 3740 ega
958 3659 993 3724 et
1011 3654 1085 3743 ipse
1103 3654 1241 3725 moror?

283 3773 313 3842 si
332 3771 417 3843 felix
435 3794 558 3864 essem,
580 3773 675 3844 Piste
693 3796 771 3845 mea
789 3775 907 3846 vivere
927 3776 1064 3864 debuit;
1134 3804 1136 3810 ·

281 3897 399 3967 tristia
417 3897 648 3987 contigerunt,
669 3899 730 3987 qui
748 3898 874 3969 amissa
892 3901 1037 3988 coniuge
1055 3901 1146 3972 rivo.

281 4020 331 4089 nil
351 4028 404 4091 est
421 4028 493 4092 tam
511 4021 687 4111 miserum,
707 4043 809 4111 quam
830 4029 939 4094 totam
958 4024 1103 4114 perdere
1121 4025 1240 4113 vitam,
1256 4016 1258 4020 ⁷

284 4166 347 4214 nec
364 4146 458 4215 vitae
476 4146 583 4216 nasci:
604 4145 691 4216 dura
709 4147 896 4236 peregistis
915 4148 1069 4220 crudelia
1086 4169 1195 4239 pensa
1213 4168 1360 4237 sorores,

283 4276 453 4359 ruptaque
474 4267 637 4340 deliciunt
655 4271 691 4340 in
710 4271 822 4360 primo
841 4293 982 4342 munere
1000 4271 1080 4344 fusi.
1174 4354 1177 4358 ,

284 4415 303 4462 0
322 4394 425 4464 nimis
442 4393 604 4484 iniustae,
625 4400 680 4464 ter
698 4394 803 4465 denus
822 4394 905 4465 dare
922 4417 1045 4466 munus
1063 4397 1100 4466 in
1118 4401 1239 4468 annus!

283 4515 446 4606 deeeptus
465 4519 607 4607 gravius
626 4517 736 4589 fatum
755 4520 804 4590 sic
822 4521 953 4609 pressit
971 4528 1118 4610 egestas.

390 4641 471 4712 dum
490 4643 597 4713 vitam
616 4642 740 4733 tulero,
760 4642 898 4715 Primus
917 4644 1032 4716 Pistes
1051 4645 1214 4740 lugeam)
1233 4645 1441 4734 coniugium.
