3254 5408
701 371 915 440 —166—

273 586 372 674 heus,
393 583 492 655 dculo
513 588 651 653 errante
669 582 750 671 quei
768 580 894 670 aspicis
912 580 976 651 leti
995 580 1126 670 domus,

273 711 409 783 morare
429 728 599 798 gressum,
620 712 656 778 et
673 706 816 779 titulum
832 712 988 777 nostrum
1005 704 1161 796 perlege,

275 835 372 906 amor
390 832 567 924 parenteia
586 832 687 920 quem
705 829 802 900 dedit
820 831 921 902 natae
940 849 1035 919 suae,

274 958 355 1030 ubei
375 959 411 1028 se
429 955 598 1046 reliquiae
617 954 836 1026 conlocarant
853 955 1019 1045 corporis.

273 1085 353 1155 heic
371 1081 494 1154 viridis
513 1087 608 1152 aetus
627 1101 704 1152 cum
721 1078 861 1150 floreret
879 1079 1024 1170 artibus,

275 1211 450 1279 crescente
470 1211 506 1275 et
524 1223 609 1276 aevo
629 1203 773 1293 gloriam
792 1203 1048 1295 conscenderet,

275 1333 475 1423 properarit
493 1331 579 1402 hora
596 1330 721 1421 tristis,
743 1329 860 1402 fatalis
878 1350 965 1419 mea,

276 1462 313 1528 et
331 1457 516 1546 denegavit
534 1455 627 1527 ultra
645 1456 760 1527 veitae
778 1456 952 1544 spiritum.

276 1580 388 1669 docta,
409 1579 544 1652 erodita
562 1578 671 1670 paene
690 1580 869 1650 Musarum
886 1599 1002 1667 manu,

245 1724 249 1734 ·
275 1726 364 1796 quae
383 1704 484 1776 mono
502 1703 670 1776 nobilium
687 1703 787 1774 ludos
806 1703 966 1775 decoravi
985 1703 1102 1791 choro,

276 1837 313 1902 et
330 1851 456 1920 graeca
474 1830 512 1900 in
530 1849 653 1901 scaena
670 1829 784 1918 prima
801 1827 928 1918 populo
947 1829 1104 1918 apparui,

276 1976 319 2027 en
337 1955 401 2026 hoc
419 1955 456 2024 in
474 1953 607 2025 tumulo
628 1955 778 2024 cinerem
796 1953 908 2023 nostri
926 1953 1080 2042 corporis

275 2077 422 2150 infestae
439 2078 571 2149 Parcae
590 2077 812 2168 deposierunt
829 2077 993 2149 carmine.

276 2202 430 2274 studium
448 2207 627 2291 patronae,
648 2203 742 2290 cura,
762 2221 869 2291 amor,
890 2200 1022 2291 laudea,
1042 2199 1158 2292 decus,

278 2305 383 2398 silem
402 2325 559 2398 ambusto
579 2327 722 2416 corpore
742 2331 777 2396 et
795 2324 865 2397 letd
884 2331 1012 2397 tacent.

276 2450 404 2540 reliqui
421 2448 541 2520 fletum
559 2452 641 2521 nata
659 2450 809 2539 genitori
827 2470 915 2541 meo,

278 2581 314 2646 et
331 2575 514 2665 antecessu
536 2575 655 2665 genita
671 2579 762 2664 post,
783 2573 846 2645 leti
866 2574 968 2645 diem.

276 2699 331 2772 bis
350 2700 406 2771 hic
425 2701 560 2790 septeni
579 2701 713 2770 mecum
731 2697 864 2770 natales
882 2699 956 2770 dies

270 2824 433 2935 'tenebris
452 2830 616 2895 tenentur
635 2823 729 2894 Ditis
747 2829 889 2895 aeterna
907 2823 1010 2894 domu

279 2970 375 3039 rogo,
396 2951 436 3019 uit
454 2948 634 3020 discedens
652 2949 781 3019 terram
798 2949 884 3019 mihi
903 2948 998 3020 dicas
1016 2947 1142 3020 levem!

384 3141 410 3199 B
435 3145 475 3201 55

241 3233 290 3291 13.
308 3226 434 3290 inflatae.
767 3280 773 3291 .
800 3280 804 3290 .

239 3312 361 3379 erudito
379 3320 510 3378 occurrit
528 3318 578 3390 Vl,
599 3322 715 3390 101273
763 3324 790 3380 1.
809 3318 896 3377 iussit
924 3315 1053 3378 conferri
1082 3317 1191 3378 Hosius
1218 3319 1307 3393 Verg
1331 3318 1406 3379 Aeu
1425 3322 1452 3387 4,

174 3409 247 3468 691;
276 3407 428 3481 oculisque
457 3406 635 3478 errantibus
682 3402 840 3469 0100101.
860 3407 1051 3479 e.interris;
1077 3402 1136 3482 liei,
1163 3402 1231 3481 lau,
1257 3401 1451 3469 1000001000-

174 3494 302 3556 dabatur
320 3497 402 3555 nulla
419 3497 605 3564 necessitate;
635 3495 673 3555 ab
691 3496 748 3557 hoc
767 3513 855 3556 versu
877 3496 1006 3570 puellam
1034 3494 1203 3556 defunctam
1221 3497 1303 3571 loqui
1321 3497 1452 3570 incipere

173 3590 260 3658 putat
294 3584 468 3659 Buecheler,
504 3591 610 3644 contra
637 3603 663 3646 v.
694 3589 723 3658 23
771 3588 820 3647 13.
843 3581 967 3665 infictae
1002 3585 1190 3646 retinendum
1228 3590 1331 3646 censet
1366 3586 1452 3656 idem;

176 3675 226 3734 15.
244 3670 347 3736 iacent
374 3674 526 3733 Manutius
554 3691 720 3749 perperam3
748 3673 785 3734 cf.
804 3676 899 3736 Plaut.
926 3674 1050 3735 Poenul.
1078 3675 1152 3749 prol.
1172 3677 1201 3747 33
1250 3679 1301 3736 19.
1320 3670 1453 3736 waaris

80 3812 88 3825 .
174 3763 319 3823 temnite
346 3763 478 3838 allitter.‚
506 3768 539 3822 ut
566 3781 593 3823 v.
613 3768 641 3822 4.
670 3759 862 3825 conlucerent
889 3760 1033 3842 emporis,
1063 3769 1091 3826 9.
1109 3779 1271 3826 musarum
1296 3779 1450 3826 mnu.-

173 3851 219 3910 De
238 3852 320 3910 tituli
338 3857 436 3912 aetate
456 3869 650 3926 sermoneque
669 3850 706 3913 of.
724 3853 834 3913 Bueoh.
854 3853 891 3912 ad
909 3854 953 3914 cit
1013 3862 1015 3867 '

174 4188 226 4259 vr
258 4193 383 4263 nooor
413 4189 524 4262 Roma
757 4086 864 4367 ΞΜ
1187 4211 1213 4262 s.
1235 4190 1342 4264 1-11
1359 4212 1395 4281 p.
1417 4189 1454 4262 0.

832 4317 866 4366 Π]

282 4420 334 4491 Τ1.
355 4419 520 4491 Claudius
539 4420 732 4510 Esquilina,
752 4419 844 4509 Aug.
867 4419 938 4514 [l.]‚
959 4420 1143 4492 Tiberinus
1167 4413 1174 4520 Ι

280 4543 338 4615 hio
355 4544 443 4615 situs
462 4551 528 4618 est.
548 4544 633 4618 lecit
652 4545 795 4634 Tampia
813 4544 931 4635 Hygia
948 4551 1061 4617 mater
1078 4545 1149 4618 filio
1168 4545 1385 4637 pientissimo
1412 4539 1418 4647 Ι

281 4673 331 4758 tu,
352 4669 560 4759 quicumque
579 4670 648 4741 mei
666 4671 804 4743 veheris
821 4670 1069 4760 propolimina
1087 4671 1195 4762 busti,
