3254 5408
592 354 805 422 -367-

165 557 258 627 intus
277 578 360 646 apes
379 563 414 626 et
433 557 588 627 cerineos
606 576 808 644 componere
827 555 937 645 nidos,

164 686 204 750 ut
222 700 357 770 semper
376 680 495 750 domus
514 680 599 750 haec
617 679 823 768 thymbraeo
842 684 980 749 nectare
999 678 1108 750 dulcis

54 823 90 875 ao
164 804 276 895 sudet,
296 802 475 894 florisapos
495 803 574 873 dum
595 803 678 873 dant
696 822 784 875 nova
802 801 906 874 mella
923 802 1086 892 liquores.

56 1070 144 1142 VIII
174 1072 248 1141 213
279 1069 408 1140 ibidem

165 1231 231 1301 huc
249 1231 386 1322 iterum,
408 1232 533 1321 pietas,
553 1231 765 1301 venerandas
784 1231 880 1320 erige
898 1235 1042 1318 mentes,

272 1360 308 1424 et
325 1375 413 1444 mea,
434 1375 500 1443 quo
519 1354 621 1444 nosti,
643 1355 795 1424 carmina
812 1374 907 1423 more
927 1351 1019 1424 fove!

165 1498 244 1549 ecce
263 1477 438 1550 Secundus
458 1477 556 1549 adest
574 1478 713 1566 iterum,
733 1478 793 1567 qui
811 1484 951 1567 pectore
969 1481 1087 1547 sancto

271 1621 339 1673 non
357 1603 566 1673 monimenta
582 1603 686 1692 patri,
708 1601 768 1672 sed
787 1622 876 1672 nova
892 1600 1023 1691 templa
1041 1599 1147 1672 dedit.

163 1746 231 1816 quo
249 1747 351 1817 nunc,
373 1725 540 1817 Calliope,
561 1728 699 1816 gemino
717 1748 772 1797 me
791 1725 901 1796 Hmite
920 1726 1026 1816 cogis,

271 1872 356 1940 quas
374 1851 443 1921 iam
462 1851 627 1941 transegi,
647 1872 748 1920 rusus
767 1850 863 1921 adire
882 1851 980 1922 vias?

163 1996 286 2076 nempe
304 1974 372 2045 fuit
390 1974 488 2045 nobis
508 1976 622 2064 operis
642 1974 827 2063 descriptio
846 1976 974 2065 magni,

271 2099 420 2169 diximus
439 2106 475 2170 et
492 2100 621 2170 iunctis
640 2119 725 2170 saxa
742 2098 852 2188 polita
870 2097 965 2188 locis,

163 2224 327 2296 circuitus
346 2243 534 2312 nemorum,
554 2229 732 2295 currentes
750 2222 899 2295 dulciter
917 2221 1036 2314 undas,

272 2355 376 2438 atque
395 2354 615 2438 reportantes
633 2347 737 2418 mella
754 2346 956 2437 frequenter
974 2367 1067 2437 apes

162 2473 228 2544 hoc
247 2481 374 2561 tamen,
394 2472 459 2543 hoc
477 2471 588 2543 solum
606 2477 755 2562 nostrae,
775 2479 870 2562 puto,
893 2470 1004 2542 defuit
1022 2472 1104 2563 arti,

270 2596 349 2667 dum
369 2596 462 2668 cadis
481 2596 525 2668 ad
543 2595 680 2687 multos,
701 2595 798 2667 ebria
816 2595 931 2686 Musa,
951 2596 1058 2667 iocos:

161 2721 199 2790 in
217 2740 349 2791 summo
367 2719 532 2792 tremulas
550 2720 635 2810 galli
654 2740 722 2812 non
741 2720 890 2790 diximus
909 2719 994 2811 alae,

271 2843 376 2916 altior
395 2852 550 2916 extrema
568 2846 638 2935 qui,
658 2851 754 2935 puto,
774 2844 864 2915 nube
883 2843 992 2932 volat;

163 2969 261 3040 cuius
281 2969 311 3038 si
329 2968 492 3039 membris
511 2989 629 3040 vocem
646 2976 771 3040 natura
789 2968 950 3059 dedisset,

270 3100 411 3183 cogeret
429 3094 486 3164 hic
504 3112 622 3163 omnes
641 3114 783 3182 surgere
801 3114 900 3164 mane
920 3093 1013 3164 deos.

163 3223 200 3288 et
217 3219 286 3289 iam
305 3217 501 3290 nomInibus
518 3219 701 3309 signantur
719 3218 840 3290 limina
858 3218 974 3310 certis,

271 3343 426 3413 cernitur
444 3350 480 3412 et
497 3341 611 3412 titulis
629 3341 769 3414 credula
786 3343 860 3414 rita
878 3342 961 3412 suis.

163 3473 257 3557 opto,
278 3464 443 3555 Secunde,
463 3486 565 3554 geras
583 3465 710 3537 multos
727 3463 879 3536 feliciter
897 3485 1015 3555 annos,

58 3607 89 3660 20
270 3596 317 3682 et,
337 3610 425 3680 quae
443 3587 569 3680 fecisti,
589 3595 628 3661 tu
646 3595 868 3661 monumenta
885 3589 996 3680 legas!

121 3799 243 3842 carmen
262 3783 348 3843 docto
367 3800 422 3843 nec
444 3800 501 3843 non
521 3789 552 3842 et
570 3789 706 3844 contorto
725 3784 812 3844 nimis
830 3799 966 3843 sermone
989 3785 1184 3858 compositum
1212 3791 1258 3845 est
1285 3785 1336 3845 nbi

58 3887 145 3945 aegre
164 3872 364 3945 intellegatur.

126 3968 154 4020 1.
173 3964 202 4021 2.
222 3965 250 4022 3.
269 3960 306 4020 de
324 3961 380 4021 hoc
397 3960 627 4021 homoeoteleuti
645 3977 753 4035 genere
773 3963 835 4036 egit
857 3958 931 4022 Luc.
949 3957 1086 4022 Mueller
1103 3963 1134 4020 in
1152 3962 1229 4021 libro
1248 3962 1284 4021 de
1303 3979 1336 4021 re

56 4055 140 4111 metr.
159 4049 206 4111 ed
223 4050 253 4109 II
270 4066 299 4123 p.
320 4054 383 4110 567
403 4066 474 4125 sqq.;
519 4054 549 4112 2.
567 4052 729 4127 raptorum
752 4045 873 4111 deman
894 4051 1068 4125 prolaptice;
1115 4054 1144 4112 3.
1172 4049 1220 4113 tin.
1247 4050 1337 4111 debe-

56 4138 105 4197 bat
123 4135 251 4216 campie
297 4143 326 4199 4.
345 4135 478 4200 adsidue
497 4140 584 4213 iunge
608 4156 672 4198 cum
700 4142 820 4218 mergat
848 4138 888 4216 (v.
909 4138 951 4213 3);
978 4135 1057 4200 male
1084 4137 1206 4201 muscia
1233 4141 1337 4214 supple

55 4223 124 4300 siba
172 4232 200 4287 5.
219 4223 321 4306 imago
339 4224 475 4289 rationis
492 4244 547 4301 pro
570 4226 691 4289 ratione
709 4229 757 4287 vel
775 4224 871 4301 moda
911 4233 945 4289 ·6.
972 4229 1000 4288 h.
1024 4244 1050 4290 e.
1077 4224 1112 4287 in
1139 4224 1278 4308 longiora
1307 4230 1337 4301 t.;

56 4320 84 4377 7.
101 4313 262 4394 multaque
280 4323 385 4389 neutr.;
423 4322 451 4379 8.
465 4313 624 4379 mansuris
642 4314 737 4378 annm
756 4316 824 4389 dat,
834 4313 959 4397 fortius
976 4317 1121 4377 materiae
1140 4319 1203 4378 scil.
1222 4320 1337 4378 ratione

55 4405 166 4478 habita
214 4409 242 4465 9.
260 4402 344 4466 omni
353 4402 467 4486 favore
479 4403 605 4483 placere
622 4411 655 4465 ut
671 4402 754 4466 omni
766 4409 859 4483 parte
872 4423 915 4482 p.;
942 4421 1047 4467 recens
1066 4402 1172 4482 pietas
1184 4440 1220 4449 —
1234 4424 1337 4467 monu-

56 4501 187 4554 mentum
205 4512 261 4569 pro
279 4496 392 4568 pietate
411 4511 516 4554 recens
536 4493 655 4567 iactnm3
704 4500 753 4556 11.
780 4496 808 4556 b.
832 4511 859 4558 e.
877 4511 976 4554 rerum
994 4496 1126 4555 nouitate
1144 4497 1234 4569 plena
1251 4494 1289 4555 cf.
1308 4513 1337 4558 v.

56 4589 107 4657 423
135 4580 201 4645 olto
227 4579 340 4644 honae
352 4616 390 4626 —
404 4583 440 4642 de
463 4589 652 4644 monumento
671 4585 702 4642 in
721 4584 846 4643 sublime
865 4590 966 4644 erecto
985 4584 1167 4659 honesteque
1187 4584 1338 4662 decorato,

57 4672 95 4734 cf.
114 4691 141 4735 v.
163 4676 214 4734 16.
233 4676 286 4745 48;
334 4678 383 4734 16.
403 4670 440 4736 cf.
459 4674 546 4734 Lucr.
565 4673 616 4747 III,
635 4677 708 4734 40⁵:
727 4673 802 4732 vivit
819 4678 850 4732 et
866 4674 962 4733 aerias
981 4675 1080 4734 vitalis
1098 4674 1222 4748 suscipit
1239 4690 1337 4746 auras;
