<?xml version="1.0" encoding="UTF-8"?>
<!DOCTYPE html PUBLIC "-//W3C//DTD XHTML 1.0 Transitional//EN"
    "http://www.w3.org/TR/xhtml1/DTD/xhtml1-transitional.dtd">
<html xmlns="http://www.w3.org/1999/xhtml" xml:lang="en" lang="en">
 <head>
  <title>
</title>
<meta http-equiv="Content-Type" content="text/html;charset=utf-8" />
  <meta name='ocr-system' content='tesseract 3.04.00' />
  <meta name='ocr-capabilities' content='ocr_page ocr_carea ocr_par ocr_line ocrx_word'/>
</head>
<body>
  <div class='ocr_page' id='page_1' title='image "./carminasepulcra00cholgoog/carminasepulcra00cholgoog_0493.png"; bbox 0 0 3254 5408; ppageno 0'>
   <div class='ocr_carea' id='block_1_1' title="bbox 684 322 898 393">
    <p class='ocr_par' dir='ltr' id='par_1_1' title="bbox 684 322 898 393">
     <span class='ocr_line' id='line_1_1' title="bbox 684 322 898 393; baseline 0.009 -2"><span class='ocrx_word' id='word_1_1' title='bbox 684 322 898 393; x_wconf 80' lang='lat'>-488-</span> 
     </span>
    </p>
   </div>
   <div class='ocr_carea' id='block_1_2' title="bbox 153 534 1220 875">
    <p class='ocr_par' dir='ltr' id='par_1_2' title="bbox 153 534 1220 875">
     <span class='ocr_line' id='line_1_2' title="bbox 259 534 1162 628; baseline -0.009 -17"><span class='ocrx_word' id='word_1_2' title='bbox 259 539 408 611; x_wconf 84' lang='lat' dir='ltr'>hiesum</span> <span class='ocrx_word' id='word_1_3' title='bbox 426 538 571 628; x_wconf 78' lang='lat' dir='ltr'>positae,</span> <span class='ocrx_word' id='word_1_4' title='bbox 590 537 650 627; x_wconf 91' lang='lat' dir='ltr'>qni</span> <span class='ocrx_word' id='word_1_5' title='bbox 669 557 806 626; x_wconf 90' lang='lat' dir='ltr'>semper</span> <span class='ocrx_word' id='word_1_6' title='bbox 823 535 898 605; x_wconf 89' lang='lat' dir='ltr'>sine</span> <span class='ocrx_word' id='word_1_7' title='bbox 917 534 1059 606; x_wconf 92' lang='lat' dir='ltr'>crimine</span> <span class='ocrx_word' id='word_1_8' title='bbox 1077 534 1162 622; x_wconf 82' lang='lat' dir='ltr'>vixi,</span> 
     </span>
     <span class='ocr_line' id='line_1_3' title="bbox 260 659 1148 755; baseline -0.005 -20"><span class='ocrx_word' id='word_1_9' title='bbox 260 669 306 755; x_wconf 89' lang='lat' dir='ltr'>et,</span> <span class='ocrx_word' id='word_1_10' title='bbox 326 684 429 754; x_wconf 90' lang='lat' dir='ltr'>quem</span> <span class='ocrx_word' id='word_1_11' title='bbox 447 663 495 733; x_wconf 95' lang='lat' dir='ltr'>mi</span> <span class='ocrx_word' id='word_1_12' title='bbox 514 661 657 733; x_wconf 75' lang='lat' dir='ltr'>dederat</span> <span class='ocrx_word' id='word_1_13' title='bbox 675 681 811 734; x_wconf 89' lang='lat' dir='ltr'>cursum</span> <span class='ocrx_word' id='word_1_14' title='bbox 832 660 997 748; x_wconf 85' lang='lat' dir='ltr'>Fortuna,</span> <span class='ocrx_word' id='word_1_15' title='bbox 1017 659 1148 748; x_wconf 81' lang='lat' dir='ltr'><strong>peregi.</strong></span> 
     </span>
     <span class='ocr_line' id='line_1_4' title="bbox 153 781 1220 875; baseline -0.007 -14"><span class='ocrx_word' id='word_1_16' title='bbox 153 811 170 861; x_wconf 87' lang='lat' dir='ltr'>o</span> <span class='ocrx_word' id='word_1_17' title='bbox 366 787 464 860; x_wconf 87' lang='lat' dir='ltr'>cuius</span> <span class='ocrx_word' id='word_1_18' title='bbox 482 807 585 858; x_wconf 90' lang='lat' dir='ltr'>ossua</span> <span class='ocrx_word' id='word_1_19' title='bbox 604 791 639 856; x_wconf 90' lang='lat' dir='ltr'>et</span> <span class='ocrx_word' id='word_1_20' title='bbox 657 785 790 857; x_wconf 88' lang='lat' dir='ltr'>cineres</span> <span class='ocrx_word' id='word_1_21' title='bbox 807 784 865 856; x_wconf 92' lang='lat' dir='ltr'>hic</span> <span class='ocrx_word' id='word_1_22' title='bbox 882 783 972 875; x_wconf 90' lang='lat' dir='ltr'>lapis</span> <span class='ocrx_word' id='word_1_23' title='bbox 991 783 1084 854; x_wconf 91' lang='lat' dir='ltr'>intus</span> <span class='ocrx_word' id='word_1_24' title='bbox 1103 781 1220 855; x_wconf 89' lang='lat' dir='ltr'>habet.</span> 
     </span>
    </p>
   </div>
   <div class='ocr_carea' id='block_1_3' title="bbox 153 946 1435 1286">
    <p class='ocr_par' dir='ltr' id='par_1_3' title="bbox 153 946 1435 1286">
     <span class='ocr_line' id='line_1_5' title="bbox 223 946 1433 1111; baseline -0.007 -16"><span class='ocrx_word' id='word_1_25' title='bbox 223 1039 251 1096; x_wconf 83' lang='lat'>3.</span> <span class='ocrx_word' id='word_1_26' title='bbox 274 946 400 1109; x_wconf 57' lang='lat' dir='ltr'>roquirlit</span> <span class='ocrx_word' id='word_1_27' title='bbox 414 948 556 1094; x_wconf 47' lang='lat' dir='ltr'>lrdgtium:</span> <span class='ocrx_word' id='word_1_28' title='bbox 583 1026 632 1094; x_wconf 72' lang='lat' dir='ltr'>lic</span> <span class='ocrx_word' id='word_1_29' title='bbox 650 1029 773 1111; x_wconf 77' lang='lat' dir='ltr'>posilus</span> <span class='ocrx_word' id='word_1_30' title='bbox 794 1047 863 1093; x_wconf 78' lang='lat' dir='ltr'>sum</span> <span class='ocrx_word' id='word_1_31' title='bbox 885 1026 939 1109; x_wconf 79' lang='lat' dir='ltr'>qui</span> <span class='ocrx_word' id='word_1_32' title='bbox 956 1047 982 1092; x_wconf 87' lang='lat' dir='ltr'>s.</span> <span class='ocrx_word' id='word_1_33' title='bbox 999 1047 1025 1093; x_wconf 87' lang='lat' dir='ltr'>s.</span> <span class='ocrx_word' id='word_1_34' title='bbox 1043 1046 1085 1092; x_wconf 84' lang='lat' dir='ltr'>cr.</span> <span class='ocrx_word' id='word_1_35' title='bbox 1102 1047 1138 1102; x_wconf 85' lang='lat' dir='ltr'>v.;</span> <span class='ocrx_word' id='word_1_36' title='bbox 1185 1035 1214 1090; x_wconf 86' lang='grc'>4.</span> <span class='ocrx_word' id='word_1_37' title='bbox 1242 1031 1333 1104; x_wconf 79' lang='lat' dir='ltr'>Vorg.</span> <span class='ocrx_word' id='word_1_38' title='bbox 1360 1029 1433 1088; x_wconf 83' lang='lat' dir='ltr'>Aen.</span> 
     </span>
     <span class='ocr_line' id='line_1_6' title="bbox 153 1113 1435 1206; baseline -0.004 -23"><span class='ocrx_word' id='word_1_39' title='bbox 153 1124 203 1197; x_wconf 81' lang='lat' dir='ltr'>lv,</span> <span class='ocrx_word' id='word_1_40' title='bbox 224 1127 297 1196; x_wconf 77' lang='lat'>6533</span> <span class='ocrx_word' id='word_1_41' title='bbox 315 1122 383 1183; x_wconf 87' lang='lat' dir='ltr'>vide</span> <span class='ocrx_word' id='word_1_42' title='bbox 402 1123 493 1183; x_wconf 85' lang='lat' dir='ltr'>addit.</span> <span class='ocrx_word' id='word_1_43' title='bbox 511 1140 539 1196; x_wconf 89' lang='lat' dir='ltr'>p.</span> <span class='ocrx_word' id='word_1_44' title='bbox 558 1124 632 1194; x_wconf 77' lang='lat'>4823</span> <span class='ocrx_word' id='word_1_45' title='bbox 651 1122 717 1194; x_wconf 85' lang='lat' dir='ltr'>XII,</span> <span class='ocrx_word' id='word_1_46' title='bbox 735 1124 809 1193; x_wconf 82' lang='lat'>287;</span> <span class='ocrx_word' id='word_1_47' title='bbox 847 1123 875 1181; x_wconf 82' lang='grc'>5.</span> <span class='ocrx_word' id='word_1_48' title='bbox 893 1116 983 1206; x_wconf 78' lang='lat' dir='ltr'>cuius</span> <span class='ocrx_word' id='word_1_49' title='bbox 996 1114 1159 1198; x_wconf 75' lang='lat' dir='ltr'><em>relliquias</em></span> <span class='ocrx_word' id='word_1_50' title='bbox 1173 1113 1201 1178; x_wconf 77' lang='lat' dir='ltr'>lc.</span> <span class='ocrx_word' id='word_1_51' title='bbox 1211 1113 1232 1179; x_wconf 82' lang='lat' dir='ltr'>l.</span> <span class='ocrx_word' id='word_1_52' title='bbox 1242 1114 1263 1179; x_wconf 84' lang='lat' dir='ltr'>i.</span> <span class='ocrx_word' id='word_1_53' title='bbox 1272 1113 1303 1181; x_wconf 78' lang='lat' dir='ltr'>le.</span> <span class='ocrx_word' id='word_1_54' title='bbox 1313 1117 1435 1191; x_wconf 82' lang='lat' dir='ltr'>arohet3</span> 
     </span>
     <span class='ocr_line' id='line_1_7' title="bbox 154 1209 941 1286; baseline -0.006 -13"><span class='ocrx_word' id='word_1_55' title='bbox 154 1209 244 1274; x_wconf 78' lang='lat' dir='ltr'>cuias</span> <span class='ocrx_word' id='word_1_56' title='bbox 261 1218 295 1273; x_wconf 92' lang='lat' dir='ltr'>ut</span> <span class='ocrx_word' id='word_1_57' title='bbox 313 1212 545 1286; x_wconf 77' lang='lat' dir='ltr'><strong>monosyllabum</strong></span> <span class='ocrx_word' id='word_1_58' title='bbox 565 1209 667 1270; x_wconf 90' lang='lat' dir='ltr'>scandi</span> <span class='ocrx_word' id='word_1_59' title='bbox 685 1226 771 1283; x_wconf 85' lang='lat' dir='ltr'>posse</span> <span class='ocrx_word' id='word_1_60' title='bbox 791 1215 890 1270; x_wconf 89' lang='lat' dir='ltr'>monet</span> <span class='ocrx_word' id='word_1_61' title='bbox 908 1209 941 1269; x_wconf 92' lang='lat' dir='ltr'>B.</span> 
     </span>
    </p>
   </div>
   <div class='ocr_carea' id='block_1_4' title="bbox 152 1444 1284 2899">
    <p class='ocr_par' dir='ltr' id='par_1_4' title="bbox 152 1444 1284 2899">
     <span class='ocr_line' id='line_1_8' title="bbox 744 1444 856 1513; baseline 0.009 -1"><span class='ocrx_word' id='word_1_62' title='bbox 744 1444 856 1513; x_wconf 84' lang='lat'>1162.</span> 
     </span>
     <span class='ocr_line' id='line_1_9' title="bbox 154 1547 552 1623; baseline -0.003 0"><span class='ocrx_word' id='word_1_63' title='bbox 154 1550 238 1623; x_wconf 87' lang='lat' dir='ltr'>XIV</span> <span class='ocrx_word' id='word_1_64' title='bbox 266 1554 343 1623; x_wconf 81' lang='lat'>480</span> <span class='ocrx_word' id='word_1_65' title='bbox 373 1547 474 1623; x_wconf 88' lang='lat' dir='ltr'>Ostia</span> <span class='ocrx_word' id='word_1_66' title='bbox 548 1571 552 1579; x_wconf 73' lang='grc'><em>’</em></span> 
     </span>
     <span class='ocr_line' id='line_1_10' title="bbox 260 1689 1207 1783; baseline -0.004 -19"><span class='ocrx_word' id='word_1_67' title='bbox 260 1693 318 1765; x_wconf 89' lang='lat' dir='ltr'>hio</span> <span class='ocrx_word' id='word_1_68' title='bbox 335 1714 411 1783; x_wconf 86' lang='lat' dir='ltr'>ego,</span> <span class='ocrx_word' id='word_1_69' title='bbox 433 1692 493 1781; x_wconf 92' lang='lat' dir='ltr'>qui</span> <span class='ocrx_word' id='word_1_70' title='bbox 512 1692 586 1762; x_wconf 91' lang='lat' dir='ltr'>sine</span> <span class='ocrx_word' id='word_1_71' title='bbox 605 1711 688 1763; x_wconf 84' lang='lat' dir='ltr'>voce</span> <span class='ocrx_word' id='word_1_72' title='bbox 707 1691 829 1780; x_wconf 91' lang='lat' dir='ltr'>loquor</span> <span class='ocrx_word' id='word_1_73' title='bbox 847 1689 889 1761; x_wconf 88' lang='lat' dir='ltr'>de</span> <span class='ocrx_word' id='word_1_74' title='bbox 907 1709 1076 1760; x_wconf 90' lang='lat' dir='ltr'>marmore</span> <span class='ocrx_word' id='word_1_75' title='bbox 1094 1708 1207 1780; x_wconf 87' lang='lat' dir='ltr'>caeso,</span> 
     </span>
     <span class='ocr_line' id='line_1_11' title="bbox 367 1813 1068 1905; baseline -0.003 -17"><span class='ocrx_word' id='word_1_76' title='bbox 367 1823 471 1888; x_wconf 90' lang='lat' dir='ltr'>natus</span> <span class='ocrx_word' id='word_1_77' title='bbox 489 1815 525 1885; x_wconf 94' lang='lat' dir='ltr'>in</span> <span class='ocrx_word' id='word_1_78' title='bbox 545 1816 696 1905; x_wconf 83' lang='lat' dir='ltr'>egregiis</span> <span class='ocrx_word' id='word_1_79' title='bbox 715 1813 891 1886; x_wconf 81' lang='lat' dir='ltr'>Trallibus</span> <span class='ocrx_word' id='word_1_80' title='bbox 909 1835 952 1885; x_wconf 88' lang='lat' dir='ltr'>ex</span> <span class='ocrx_word' id='word_1_81' title='bbox 970 1815 1068 1904; x_wconf 85' lang='lat' dir='ltr'>Asia,</span> 
     </span>
     <span class='ocr_line' id='line_1_12' title="bbox 262 1939 999 2028; baseline -0.005 -15"><span class='ocrx_word' id='word_1_82' title='bbox 262 1942 376 2013; x_wconf 87' lang='lat' dir='ltr'>omnia</span> <span class='ocrx_word' id='word_1_83' title='bbox 393 1941 559 2013; x_wconf 84' lang='lat' dir='ltr'>Baiarum</span> <span class='ocrx_word' id='word_1_84' title='bbox 578 1939 724 2011; x_wconf 81' lang='lat' dir='ltr'>lustravi</span> <span class='ocrx_word' id='word_1_85' title='bbox 743 1939 878 2011; x_wconf 87' lang='lat' dir='ltr'>moenia</span> <span class='ocrx_word' id='word_1_86' title='bbox 895 1958 999 2028; x_wconf 89' lang='lat' dir='ltr'>saepe</span> 
     </span>
     <span class='ocr_line' id='line_1_13' title="bbox 368 2062 1148 2156; baseline -0.003 -20"><span class='ocrx_word' id='word_1_87' title='bbox 368 2071 512 2156; x_wconf 81' lang='lat' dir='ltr'>propter</span> <span class='ocrx_word' id='word_1_88' title='bbox 530 2084 636 2155; x_wconf 91' lang='lat' dir='ltr'>aquas</span> <span class='ocrx_word' id='word_1_89' title='bbox 654 2063 784 2149; x_wconf 84' lang='lat' dir='ltr'>calidas</span> <span class='ocrx_word' id='word_1_90' title='bbox 803 2062 1012 2152; x_wconf 81' lang='lat' dir='ltr'>deliciasque</span> <span class='ocrx_word' id='word_1_91' title='bbox 1030 2063 1148 2135; x_wconf 89' lang='lat' dir='ltr'>maris.</span> 
     </span>
     <span class='ocr_line' id='line_1_14' title="bbox 262 2187 1099 2261; baseline -0.004 -1"><span class='ocrx_word' id='word_1_92' title='bbox 262 2188 360 2261; x_wconf 88' lang='lat' dir='ltr'>ouius</span> <span class='ocrx_word' id='word_1_93' title='bbox 378 2187 584 2261; x_wconf 85' lang='lat' dir='ltr'>honorificae</span> <span class='ocrx_word' id='word_1_94' title='bbox 602 2189 696 2260; x_wconf 85' lang='lat' dir='ltr'>ritae</span> <span class='ocrx_word' id='word_1_95' title='bbox 714 2208 782 2258; x_wconf 91' lang='lat' dir='ltr'>non</span> <span class='ocrx_word' id='word_1_96' title='bbox 800 2188 979 2258; x_wconf 88' lang='lat' dir='ltr'>immemor</span> <span class='ocrx_word' id='word_1_97' title='bbox 996 2188 1099 2258; x_wconf 88' lang='lat' dir='ltr'>heres</span> 
     </span>
     <span class='ocr_line' id='line_1_15' title="bbox 368 2310 1088 2403; baseline -0.003 -19"><span class='ocrx_word' id='word_1_98' title='bbox 368 2313 619 2403; x_wconf 83' lang='lat' dir='ltr'>quinquaginta</span> <span class='ocrx_word' id='word_1_99' title='bbox 636 2312 723 2384; x_wconf 87' lang='lat' dir='ltr'>meis</span> <span class='ocrx_word' id='word_1_100' title='bbox 741 2311 905 2400; x_wconf 88' lang='lat' dir='ltr'>millibus,</span> <span class='ocrx_word' id='word_1_101' title='bbox 925 2318 966 2382; x_wconf 91' lang='lat' dir='ltr'>ut</span> <span class='ocrx_word' id='word_1_102' title='bbox 983 2310 1088 2401; x_wconf 87' lang='lat' dir='ltr'>volui,</span> 
     </span>
     <span class='ocr_line' id='line_1_16' title="bbox 152 2434 1188 2528; baseline -0.003 -17"><span class='ocrx_word' id='word_1_103' title='bbox 152 2514 155 2522; x_wconf 75' lang='grc'><em>,</em></span> <span class='ocrx_word' id='word_1_104' title='bbox 261 2437 350 2510; x_wconf 90' lang='lat' dir='ltr'>hano</span> <span class='ocrx_word' id='word_1_105' title='bbox 368 2436 485 2509; x_wconf 87' lang='lat' dir='ltr'>aedem</span> <span class='ocrx_word' id='word_1_106' title='bbox 505 2437 622 2528; x_wconf 88' lang='lat' dir='ltr'>posuit</span> <span class='ocrx_word' id='word_1_107' title='bbox 640 2438 836 2528; x_wconf 84' lang='lat' dir='ltr'>struxitque</span> <span class='ocrx_word' id='word_1_108' title='bbox 854 2438 1040 2509; x_wconf 83' lang='lat' dir='ltr'>novissima</span> <span class='ocrx_word' id='word_1_109' title='bbox 1057 2434 1188 2526; x_wconf 86' lang='lat' dir='ltr'>templa</span> 
     </span>
     <span class='ocr_line' id='line_1_17' title="bbox 368 2543 1103 2653; baseline -0.003 -19"><span class='ocrx_word' id='word_1_110' title='bbox 368 2562 524 2635; x_wconf 86' lang='lat' dir='ltr'>manibus</span> <span class='ocrx_word' id='word_1_111' title='bbox 544 2568 579 2634; x_wconf 89' lang='lat' dir='ltr'>et</span> <span class='ocrx_word' id='word_1_112' title='bbox 597 2562 706 2634; x_wconf 90' lang='lat' dir='ltr'>cineri</span> <span class='ocrx_word' id='word_1_113' title='bbox 724 2563 954 2653; x_wconf 89' lang='lat' dir='ltr'>posteriisque</span> <span class='ocrx_word' id='word_1_114' title='bbox 972 2562 1069 2633; x_wconf 87' lang='lat' dir='ltr'>meis.</span> <span class='ocrx_word' id='word_1_115' title='bbox 1101 2543 1103 2546; x_wconf 40' lang='grc'>’</span> 
     </span>
     <span class='ocr_line' id='line_1_18' title="bbox 262 2685 1284 2778; baseline -0.002 -20"><span class='ocrx_word' id='word_1_116' title='bbox 262 2693 317 2758; x_wconf 90' lang='lat' dir='ltr'>set</span> <span class='ocrx_word' id='word_1_117' title='bbox 334 2693 383 2776; x_wconf 89' lang='lat' dir='ltr'>te,</span> <span class='ocrx_word' id='word_1_118' title='bbox 404 2688 462 2777; x_wconf 93' lang='lat' dir='ltr'>qui</span> <span class='ocrx_word' id='word_1_119' title='bbox 481 2686 569 2776; x_wconf 83' lang='lat' dir='ltr'>logis</span> <span class='ocrx_word' id='word_1_120' title='bbox 587 2686 685 2777; x_wconf 88' lang='lat' dir='ltr'>haec,</span> <span class='ocrx_word' id='word_1_121' title='bbox 704 2692 839 2758; x_wconf 87' lang='lat' dir='ltr'>tantum</span> <span class='ocrx_word' id='word_1_122' title='bbox 858 2708 990 2778; x_wconf 87' lang='lat' dir='ltr'>precor,</span> <span class='ocrx_word' id='word_1_123' title='bbox 1010 2693 1050 2759; x_wconf 87' lang='lat' dir='ltr'>ut</span> <span class='ocrx_word' id='word_1_124' title='bbox 1068 2686 1154 2758; x_wconf 90' lang='lat' dir='ltr'>mihi</span> <span class='ocrx_word' id='word_1_125' title='bbox 1173 2685 1284 2773; x_wconf 84' lang='lat' dir='ltr'>dicas:</span> 
     </span>
     <span class='ocr_line' id='line_1_19' title="bbox 157 2809 1182 2899; baseline -0.009 -15"><span class='ocrx_word' id='word_1_126' title='bbox 157 2830 191 2884; x_wconf 82' lang='lat' dir='ltr'>to</span> <span class='ocrx_word' id='word_1_127' title='bbox 369 2812 433 2880; x_wconf 77' lang='lat' dir='ltr'>«sit</span> <span class='ocrx_word' id='word_1_128' title='bbox 450 2810 516 2881; x_wconf 93' lang='lat' dir='ltr'>tibi</span> <span class='ocrx_word' id='word_1_129' title='bbox 534 2815 630 2881; x_wconf 84' lang='lat' dir='ltr'>terra</span> <span class='ocrx_word' id='word_1_130' title='bbox 648 2809 746 2899; x_wconf 86' lang='lat' dir='ltr'>levis,</span> <span class='ocrx_word' id='word_1_131' title='bbox 767 2809 925 2884; x_wconf 84' lang='lat' dir='ltr'>Socrates</span> <span class='ocrx_word' id='word_1_132' title='bbox 944 2810 1182 2885; x_wconf 73' lang='lat' dir='ltr'>Astomaohila</span> 
     </span>
    </p>
   </div>
   <div class='ocr_carea' id='block_1_5' title="bbox 154 2969 1434 3317">
    <p class='ocr_par' dir='ltr' id='par_1_5' title="bbox 154 2969 1434 3317">
     <span class='ocr_line' id='line_1_20' title="bbox 369 2969 498 3029; baseline 0.008 -2"><span class='ocrx_word' id='word_1_133' title='bbox 369 2969 498 3029; x_wconf 80' lang='lat' dir='ltr'>B1255</span> 
     </span>
     <span class='ocr_line' id='line_1_21' title="bbox 158 3052 559 3137; baseline 0 -19"><span class='ocrx_word' id='word_1_134' title='bbox 158 3130 161 3137; x_wconf 32' lang='grc'><em>,</em></span> <span class='ocrx_word' id='word_1_135' title='bbox 224 3062 252 3119; x_wconf 89' lang='grc'>7.</span> <span class='ocrx_word' id='word_1_136' title='bbox 270 3052 456 3135; x_wconf 67' lang='lat' dir='ltr'>slmidque</span> <span class='ocrx_word' id='word_1_137' title='bbox 473 3057 559 3132; x_wconf 88' lang='lat' dir='ltr'>lapis.</span> 
     </span>
     <span class='ocr_line' id='line_1_22' title="bbox 226 3138 1434 3226; baseline -0.001 -19"><span class='ocrx_word' id='word_1_138' title='bbox 226 3145 406 3221; x_wconf 76' lang='lat' dir='ltr'>1.cl.V111‚</span> <span class='ocrx_word' id='word_1_139' title='bbox 425 3149 520 3218; x_wconf 81' lang='lat'>71563</span> <span class='ocrx_word' id='word_1_140' title='bbox 554 3138 603 3205; x_wconf 81' lang='grc'>’8.</span> <span class='ocrx_word' id='word_1_141' title='bbox 630 3146 736 3205; x_wconf 84' lang='lat' dir='ltr'>vitavit</span> <span class='ocrx_word' id='word_1_142' title='bbox 763 3151 851 3220; x_wconf 80' lang='lat' dir='ltr'>poeta</span> <span class='ocrx_word' id='word_1_143' title='bbox 874 3142 1011 3224; x_wconf 78' lang='lat' dir='ltr'>posteris</span> <span class='ocrx_word' id='word_1_144' title='bbox 1038 3147 1190 3220; x_wconf 71' lang='lat' dir='ltr'>creticum</span> <span class='ocrx_word' id='word_1_145' title='bbox 1212 3142 1375 3226; x_wconf 76' lang='lat' dir='ltr'>portarios</span> <span class='ocrx_word' id='word_1_146' title='bbox 1402 3153 1434 3206; x_wconf 89' lang='lat' dir='ltr'>nt</span> 
     </span>
     <span class='ocr_line' id='line_1_23' title="bbox 154 3230 991 3317; baseline -0.004 -20"><span class='ocrx_word' id='word_1_147' title='bbox 154 3231 290 3317; x_wconf 78' lang='lat' dir='ltr'>inseriae</span> <span class='ocrx_word' id='word_1_148' title='bbox 307 3253 373 3297; x_wconf 86' lang='lat' dir='ltr'>ease</span> <span class='ocrx_word' id='word_1_149' title='bbox 391 3233 486 3294; x_wconf 87' lang='lat' dir='ltr'>factas</span> <span class='ocrx_word' id='word_1_150' title='bbox 505 3230 668 3294; x_wconf 86' lang='lat' dir='ltr'>Buecheler</span> <span class='ocrx_word' id='word_1_151' title='bbox 686 3241 794 3316; x_wconf 83' lang='lat' dir='ltr'>monet</span> <span class='ocrx_word' id='word_1_152' title='bbox 988 3241 991 3245; x_wconf 83' lang='grc'><strong>’</strong></span> 
     </span>
    </p>
   </div>
   <div class='ocr_carea' id='block_1_6' title="bbox 157 3434 858 3609">
    <p class='ocr_par' dir='ltr' id='par_1_6' title="bbox 157 3434 858 3609">
     <span class='ocr_line' id='line_1_24' title="bbox 746 3434 858 3508; baseline 0 -6"><span class='ocrx_word' id='word_1_153' title='bbox 746 3434 858 3508; x_wconf 87' lang='grc'><strong>1163.</strong></span> 
     </span>
     <span class='ocr_line' id='line_1_25' title="bbox 157 3534 475 3609; baseline -0.003 0"><span class='ocrx_word' id='word_1_154' title='bbox 157 3535 241 3609; x_wconf 88' lang='lat' dir='ltr'>XIV</span> <span class='ocrx_word' id='word_1_155' title='bbox 271 3539 347 3609; x_wconf 83' lang='grc'>914</span> <span class='ocrx_word' id='word_1_156' title='bbox 376 3534 475 3608; x_wconf 89' lang='lat' dir='ltr'>Ostia</span> 
     </span>
    </p>
   </div>
   <div class='ocr_carea' id='block_1_7' title="bbox 156 3644 1177 4606">
    <p class='ocr_par' dir='ltr' id='par_1_7' title="bbox 156 3644 1177 4606">
     <span class='ocr_line' id='line_1_26' title="bbox 737 3644 846 3714; baseline 0 0"><span class='ocrx_word' id='word_1_157' title='bbox 737 3644 777 3714; x_wconf 67' lang='lat' dir='ltr'>d⁴</span> <span class='ocrx_word' id='word_1_158' title='bbox 813 3664 846 3714; x_wconf 87' lang='lat' dir='ltr'>rn</span> 
     </span>
     <span class='ocr_line' id='line_1_27' title="bbox 370 3765 691 3840; baseline -0.003 -1"><span class='ocrx_word' id='word_1_159' title='bbox 370 3765 409 3839; x_wconf 87' lang='grc' dir='ltr'>Ο.</span> <span class='ocrx_word' id='word_1_160' title='bbox 429 3767 562 3838; x_wconf 88' lang='lat' dir='ltr'>Domiti</span> <span class='ocrx_word' id='word_1_161' title='bbox 582 3767 691 3840; x_wconf 88' lang='lat' dir='ltr'>Primi</span> 
     </span>
     <span class='ocr_line' id='line_1_28' title="bbox 263 3891 1146 3981; baseline 0.003 -20"><span class='ocrx_word' id='word_1_162' title='bbox 263 3891 327 3962; x_wconf 91' lang='lat' dir='ltr'>hoo</span> <span class='ocrx_word' id='word_1_163' title='bbox 347 3911 410 3981; x_wconf 84' lang='lat' dir='ltr'>ego</span> <span class='ocrx_word' id='word_1_164' title='bbox 430 3910 471 3961; x_wconf 90' lang='lat' dir='ltr'>su</span> <span class='ocrx_word' id='word_1_165' title='bbox 488 3892 525 3962; x_wconf 94' lang='lat' dir='ltr'>in</span> <span class='ocrx_word' id='word_1_166' title='bbox 543 3891 676 3962; x_wconf 87' lang='lat' dir='ltr'>tumulo</span> <span class='ocrx_word' id='word_1_167' title='bbox 695 3892 834 3964; x_wconf 90' lang='lat' dir='ltr'>Primus</span> <span class='ocrx_word' id='word_1_168' title='bbox 851 3894 1052 3965; x_wconf 91' lang='lat' dir='ltr'>notissimus</span> <span class='ocrx_word' id='word_1_169' title='bbox 1070 3893 1146 3964; x_wconf 93' lang='lat' dir='ltr'>ille:</span> 
     </span>
     <span class='ocr_line' id='line_1_29' title="bbox 263 4015 1003 4110; baseline 0.003 -24"><span class='ocrx_word' id='word_1_170' title='bbox 263 4016 335 4087; x_wconf 82' lang='lat' dir='ltr'>vixi</span> <span class='ocrx_word' id='word_1_171' title='bbox 354 4015 526 4108; x_wconf 88' lang='lat' dir='ltr'>Lucrinis,</span> <span class='ocrx_word' id='word_1_172' title='bbox 547 4017 666 4107; x_wconf 89' lang='lat' dir='ltr'>potabi</span> <span class='ocrx_word' id='word_1_173' title='bbox 686 4038 789 4110; x_wconf 87' lang='lat' dir='ltr'>saepe</span> <span class='ocrx_word' id='word_1_174' title='bbox 810 4019 1003 4108; x_wconf 84' lang='lat' dir='ltr'>Falernum,</span> 
     </span>
     <span class='ocr_line' id='line_1_30' title="bbox 156 4140 1177 4232; baseline 0 -18"><span class='ocrx_word' id='word_1_175' title='bbox 156 4161 173 4214; x_wconf 81' lang='lat' dir='ltr'>o</span> <span class='ocrx_word' id='word_1_176' title='bbox 261 4140 388 4231; x_wconf 91' lang='lat' dir='ltr'>balnia,</span> <span class='ocrx_word' id='word_1_177' title='bbox 408 4141 500 4231; x_wconf 85' lang='lat' dir='ltr'>rina,</span> <span class='ocrx_word' id='word_1_178' title='bbox 523 4141 640 4211; x_wconf 87' lang='lat' dir='ltr'>Venus</span> <span class='ocrx_word' id='word_1_179' title='bbox 658 4163 790 4214; x_wconf 89' lang='lat' dir='ltr'>mecum</span> <span class='ocrx_word' id='word_1_180' title='bbox 810 4164 955 4213; x_wconf 82' lang='lat' dir='ltr'>sonuere</span> <span class='ocrx_word' id='word_1_181' title='bbox 974 4162 1038 4232; x_wconf 91' lang='lat' dir='ltr'>per</span> <span class='ocrx_word' id='word_1_182' title='bbox 1055 4163 1177 4214; x_wconf 88' lang='lat' dir='ltr'>annos:</span> 
     </span>
     <span class='ocr_line' id='line_1_31' title="bbox 368 4265 1097 4355; baseline 0.005 -19"><span class='ocrx_word' id='word_1_183' title='bbox 368 4265 432 4336; x_wconf 90' lang='lat' dir='ltr'>hec</span> <span class='ocrx_word' id='word_1_184' title='bbox 451 4285 514 4355; x_wconf 86' lang='lat' dir='ltr'>ego</span> <span class='ocrx_word' id='word_1_185' title='bbox 534 4267 562 4336; x_wconf 92' lang='lat' dir='ltr'>si</span> <span class='ocrx_word' id='word_1_186' title='bbox 583 4267 691 4355; x_wconf 87' lang='lat' dir='ltr'>potui,</span> <span class='ocrx_word' id='word_1_187' title='bbox 712 4267 759 4337; x_wconf 89' lang='lat' dir='ltr'>sit</span> <span class='ocrx_word' id='word_1_188' title='bbox 777 4268 861 4338; x_wconf 91' lang='lat' dir='ltr'>mihi</span> <span class='ocrx_word' id='word_1_189' title='bbox 880 4275 975 4339; x_wconf 88' lang='lat' dir='ltr'>terro</span> <span class='ocrx_word' id='word_1_190' title='bbox 993 4267 1097 4340; x_wconf 84' lang='lat' dir='ltr'>iobis!</span> 
     </span>
     <span class='ocr_line' id='line_1_32' title="bbox 263 4388 1138 4484; baseline 0.003 -23"><span class='ocrx_word' id='word_1_191' title='bbox 263 4397 317 4461; x_wconf 88' lang='lat' dir='ltr'>set</span> <span class='ocrx_word' id='word_1_192' title='bbox 335 4397 450 4461; x_wconf 88' lang='lat' dir='ltr'>tamen</span> <span class='ocrx_word' id='word_1_193' title='bbox 470 4389 513 4460; x_wconf 90' lang='lat' dir='ltr'>ad</span> <span class='ocrx_word' id='word_1_194' title='bbox 532 4410 649 4460; x_wconf 85' lang='lat' dir='ltr'>manes</span> <span class='ocrx_word' id='word_1_195' title='bbox 667 4388 783 4461; x_wconf 83' lang='lat' dir='ltr'>foenix</span> <span class='ocrx_word' id='word_1_196' title='bbox 802 4414 857 4463; x_wconf 90' lang='lat' dir='ltr'>me</span> <span class='ocrx_word' id='word_1_197' title='bbox 876 4394 993 4465; x_wconf 90' lang='lat' dir='ltr'>serbat</span> <span class='ocrx_word' id='word_1_198' title='bbox 1012 4394 1047 4464; x_wconf 94' lang='lat' dir='ltr'>in</span> <span class='ocrx_word' id='word_1_199' title='bbox 1066 4415 1138 4484; x_wconf 90' lang='lat' dir='ltr'>arc,</span> 
     </span>
     <span class='ocr_line' id='line_1_33' title="bbox 369 4514 1096 4606; baseline 0.01 -23"><span class='ocrx_word' id='word_1_200' title='bbox 369 4514 428 4602; x_wconf 91' lang='lat' dir='ltr'>qui</span> <span class='ocrx_word' id='word_1_201' title='bbox 447 4533 579 4584; x_wconf 90' lang='lat' dir='ltr'>mecum</span> <span class='ocrx_word' id='word_1_202' title='bbox 598 4521 763 4604; x_wconf 92' lang='lat' dir='ltr'>properat</span> <span class='ocrx_word' id='word_1_203' title='bbox 782 4535 818 4587; x_wconf 93' lang='lat' dir='ltr'>se</span> <span class='ocrx_word' id='word_1_204' title='bbox 835 4538 999 4606; x_wconf 89' lang='lat' dir='ltr'>reparare</span> <span class='ocrx_word' id='word_1_205' title='bbox 1018 4517 1096 4590; x_wconf 84' lang='lat' dir='ltr'>sibi.</span> 
     </span>
    </p>
   </div>
   <div class='ocr_carea' id='block_1_8' title="bbox 224 4670 1444 4753">
    <p class='ocr_par' dir='ltr' id='par_1_8' title="bbox 224 4670 1444 4753">
     <span class='ocr_line' id='line_1_34' title="bbox 224 4670 1444 4753; baseline 0.007 -23"><span class='ocrx_word' id='word_1_206' title='bbox 224 4673 252 4732; x_wconf 79' lang='grc'>5.</span> <span class='ocrx_word' id='word_1_207' title='bbox 271 4670 385 4751; x_wconf 79' lang='lat' dir='ltr'>balnea,</span> <span class='ocrx_word' id='word_1_208' title='bbox 407 4672 483 4746; x_wconf 80' lang='lat' dir='ltr'>vina,</span> <span class='ocrx_word' id='word_1_209' title='bbox 502 4674 609 4747; x_wconf 87' lang='lat' dir='ltr'>Venus,</span> <span class='ocrx_word' id='word_1_210' title='bbox 628 4673 677 4746; x_wconf 84' lang='lat' dir='ltr'>vl,</span> <span class='ocrx_word' id='word_1_211' title='bbox 699 4677 813 4747; x_wconf 65' lang='lat'>1525&amp;</span> <span class='ocrx_word' id='word_1_212' title='bbox 833 4672 868 4734; x_wconf 84' lang='lat' dir='ltr'>cf.</span> <span class='ocrx_word' id='word_1_213' title='bbox 888 4676 937 4748; x_wconf 84' lang='lat' dir='ltr'>VI,</span> <span class='ocrx_word' id='word_1_214' title='bbox 961 4676 1211 4753; x_wconf 76' lang='lat' dir='ltr'>17985c;v111‚</span> <span class='ocrx_word' id='word_1_215' title='bbox 1233 4678 1444 4739; x_wconf 60' lang='lat' dir='ltr'>rosulenta</span> 
     </span>
    </p>
   </div>
   <div class='ocr_carea' id='block_1_9' title="bbox 0 0 1634 5408">
    <p class='ocr_par' dir='ltr' id='par_1_9' title="bbox 0 0 1634 5408">
     <span class='ocr_line' id='line_1_35' title="bbox 0 0 1634 5408; baseline 0 0"><span class='ocrx_word' id='word_1_216' title='bbox 0 0 1634 5408; x_wconf 95' lang='lat' dir='ltr'> </span> 
     </span>
    </p>
   </div>
  </div>
 </body>
</html>
