3254 5408
596 370 809 439 -365—

172 586 313 651 aeterno
332 581 491 670 quotiens
510 579 646 651 stabilis
665 579 753 650 bene
771 579 891 670 figitur
909 601 985 653 usu.

169 705 298 776 viderit
317 705 377 776 ille
396 704 504 792 furor,
526 706 631 775 nimio
651 706 711 794 qui
731 705 871 776 ducitur
890 727 986 794 auro,

170 851 272 919 quem
291 830 401 901 trahit
420 830 557 919 argenti
576 829 708 900 venalis
727 830 893 919 sanguine
913 829 1055 903 candor!

277 955 405 1025 viderit
424 961 459 1023 et
477 953 574 1025 fusae
593 956 692 1026 vanis
710 956 746 1024 in
765 955 939 1025 amoribus
958 976 1076 1026 errans

171 1079 283 1168 gloria
300 1080 471 1168 luxuriae,
490 1080 692 1169 peregrinas
712 1101 878 1168 quaerere
896 1100 1019 1170 magno

171 1226 259 1294 quae
279 1204 402 1275 didicit
420 1211 535 1274 vestes
553 1206 800 1295 gemmasq(ue)
819 1205 932 1274 nitore
951 1204 1139 1294 placent-es,

171 1335 232 1400 aut
251 1329 294 1400 ab
313 1330 511 1399 Aeruthreo
529 1329 705 1400 venientia
723 1349 866 1399 munera
884 1328 1002 1419 fluctu,

172 1475 274 1543 quam
292 1453 436 1524 laedunt
454 1459 575 1542 gentes
593 1455 690 1524 vario
709 1455 896 1524 certamine
915 1473 1045 1524 rerum:

173 1577 320 1649 Graecia
339 1599 417 1648 cum
435 1578 565 1668 pueris,
586 1578 757 1666 Hispania
775 1577 936 1650 Pallados
956 1598 1031 1668 usu,

171 1708 297 1773 venatu
317 1702 462 1792 Libyae,
482 1701 585 1772 tellus
605 1700 758 1774 Orientis
783 1723 927 1792 amomo,

171 1827 351 1916 Aegyptos
370 1826 509 1898 Phariis
527 1826 741 1916 levitatibus,
761 1825 894 1896 artibus
913 1826 1001 1897 actis

172 1949 287 2023 Gallia
306 1970 443 2040 semper
461 1971 577 2040 ovanS,
598 1950 696 2022 dives
716 1949 904 2040 Campania
921 1951 1017 2022 vino!

278 2077 364 2146 haec
382 2077 451 2146 cito
467 2074 631 2146 deficiunt
650 2084 686 2146 et
704 2076 834 2146 habent
853 2076 958 2147 breve
977 2096 1101 2147 munus
1120 2077 1258 2167 amoris,

171 2200 353 2271 momentis
372 2200 534 2270 damnata
551 2201 640 2287 suis;
661 2208 716 2270 set
734 2201 763 2270 si
784 2199 860 2289 quis
880 2200 925 2271 ad
943 2219 1060 2272 omnes

171 2325 337 2415 respiciat
356 2325 449 2395 vitae
469 2345 567 2395 casus
586 2326 828 2413 hominemque
845 2324 981 2396 laboret

171 2448 289 2518 metiri
308 2448 480 2518 brevitate
499 2469 572 2537 sua,
592 2454 673 2518 tunc
692 2447 832 2519 credere
852 2447 963 2518 discet

171 2571 221 2640 nil
240 2571 330 2642 aliut
347 2570 471 2641 melius
489 2570 577 2660 fieri,
597 2571 664 2640 nisi
683 2570 816 2641 viribus
836 2572 914 2642 aevi

171 2702 255 2785 quot
273 2697 383 2785 possit
403 2695 528 2766 durare
547 2694 606 2764 diu
625 2695 688 2765 sub
707 2696 837 2767 honore
860 2695 1012 2767 deorum.

169 2841 260 2891 nunc
278 2841 342 2910 ego
360 2840 429 2890 non
447 2819 601 2890 dubitem
620 2821 737 2891 tacitis
756 2820 972 2891 Acherontos
990 2823 1026 2890 in
1046 2821 1189 2911 umbris,

170 2945 297 3034 sipost
316 2942 388 3015 fata
405 2950 545 3014 manent
564 2965 695 3035 sensuS,
717 2944 868 3032 gaudere
887 2951 1067 3034 parentem

171 3090 283 3159 saepe,
306 3068 473 3158 Secunde,
492 3078 601 3157 tuum,
621 3068 774 3159 reliquas
794 3075 829 3139 et
847 3089 1009 3159 spernere
1028 3075 1171 3160 turmas,

171 3193 263 3283 quod
282 3193 368 3264 sciat
387 3191 444 3263 hic
463 3199 595 3263 tantam
614 3192 737 3264 faciem
756 3214 937 3282 superesse
957 3193 1130 3284 sepulchri

171 3324 341 3409 perpetua
359 3319 514 3388 novitate
534 3319 599 3407 sui,
620 3302 669 3389 sic
688 3325 782 3390 stare
800 3319 953 3390 nitentes

171 3464 355 3513 consensus
373 3442 537 3534 lapidum,
558 3443 607 3514 sic
627 3442 668 3513 de
687 3443 803 3514 radice
821 3443 953 3514 levatos

171 3568 208 3637 in
226 3567 349 3637 melius
367 3568 518 3638 crevisse
536 3568 676 3656 gradus,
696 3575 736 3638 ut
754 3575 790 3638 et
807 3567 954 3657 angulus
973 3569 1082 3638 omnis

172 3693 222 3764 sic
240 3693 338 3780 quasi
358 3691 510 3761 mollitae
530 3692 652 3763 ductus
673 3693 719 3762 sit
738 3694 884 3762 stamine
903 3713 1013 3764 cerae.

171 3815 355 3887 mobilibus
374 3817 483 3905 signis
502 3816 624 3887 hilaris
643 3817 818 3907 scalptura
837 3823 996 3907 novatur,

171 3948 207 4012 et
225 3941 309 4012 licet
327 3941 463 4011 atsidue
481 3941 606 4030 probet
624 3943 687 4013 hos
705 3963 795 4031 vaga
813 3942 918 4013 turba
938 3941 1124 4036 [dec]ores‚

170 4065 325 4135 lucentes
345 4071 485 4154 stupeat
503 4065 636 4154 pariter
653 4066 802 4155 pendere
822 4066 1007 4156 columnaS,
1020 4107 1072 4118 -

171 4190 248 4278 quit
266 4210 343 4259 cum
361 4189 507 4259 militiae
527 4189 649 4260 titulos
668 4191 876 4282 ipsumq(ue)
894 4196 1072 4280 parentem

170 4313 369 4384 numinibus
388 4313 525 4383 dederis
543 4315 629 4385 haec
646 4315 773 4403 gaudia
792 4335 894 4404 saepe
913 4316 1093 4405 nitentem,

171 4458 260 4527 quae
279 4437 449 4526 quondam
468 4438 564 4508 dedit
583 4439 658 4527 ipse
676 4439 763 4526 loco,
784 4439 864 4509 dum
883 4461 1026 4510 munera
1044 4441 1171 4512 Bacchi

171 4561 281 4632 multa
300 4567 395 4633 creat
413 4562 638 4653 primasq(ue)
657 4563 753 4651 cupit
771 4583 973 4654 componere
992 4566 1082 4636 vites

172 4692 208 4756 et
226 4706 346 4755 nemus
366 4692 510 4756 exornat
528 4688 698 4757 revocatis
717 4687 855 4777 saepius
874 4688 999 4760 undis?
