3254 5408
613 326 825 394 ,23-

293 534 456 623 patriam,
476 538 633 603 senatum
652 535 901 623 coniugemque
919 534 1101 605 inluminas

293 656 467 748 probitate
486 659 622 745 mentis,
641 658 805 746 moribus,
826 659 949 728 studiis
969 657 1082 746 simul,

293 781 435 852 virtutis
453 781 586 870 apicem
606 784 683 871 quis
703 802 899 871 supremum
917 789 1063 852 nanctus
1082 802 1130 855 es.

294 912 333 976 tu
352 926 499 994 namque
517 905 684 995 quidquid
703 906 821 994 lingua
840 913 986 994 utraque
1007 912 1060 974 est
1077 905 1253 994 proditum

296 1051 381 1100 cura
399 1029 561 1118 solorum,
580 1035 682 1119 porta
700 1031 777 1118 quis
796 1029 883 1100 caeli
902 1035 1011 1120 patet,

295 1155 351 1225 vel
369 1176 457 1244 quae
475 1155 580 1244 periti
600 1153 781 1225 condidere
801 1155 963 1243 carmina,

294 1279 350 1350 vel
368 1300 456 1367 quae
467 1271 597 1349 ¹solutis
614 1279 757 1350 vocibus
776 1284 856 1347 sunt
874 1277 979 1365 edita,

294 1404 440 1475 meliora
457 1403 585 1493 reddiS,
606 1396 708 1490 quam
727 1402 872 1491 legendo
893 1423 1099 1492 sumpseras,

296 1527 356 1596 sed
374 1528 443 1596 ista
460 1546 582 1615 parva:
603 1533 641 1596 tu
660 1527 738 1615 pius
756 1525 922 1619 m[y]stes
941 1527 1049 1596 sacris

295 1651 413 1721 teletis
431 1656 572 1739 reperta
590 1651 716 1738 mentis
735 1671 859 1721 arcano
878 1651 1020 1738 premis,

294 1775 478 1863 divumque
497 1797 622 1844 numen
640 1775 823 1864 multiplex
842 1775 962 1846 doctus
983 1775 1079 1862 colis,

294 1900 421 1971 sociam
439 1899 587 1988 benigne
606 1901 785 1988 coniugem
804 1906 945 1971 nectens
964 1899 1083 1987 sacris,

294 2023 469 2092 hominurn
489 2023 657 2112 deumque
677 2025 846 2094 consciam
865 2044 905 2094 ac
924 2021 1026 2094 fidam
1045 2022 1122 2094 tibi.

294 2146 379 2236 quid
396 2168 486 2217 nunc
505 2148 652 2217 honores
670 2154 732 2218 aut
749 2153 940 2236 potestates
958 2147 1080 2235 loquar

294 2270 536 2375 hominumque
555 2272 646 2341 votis
665 2271 820 2360 adpetita
837 2271 976 2362 gaudia,

296 2415 383 2484 quae
402 2401 440 2463 tu
459 2394 586 2464 caduca
606 2415 645 2465 ac
663 2415 770 2483 parua
789 2416 924 2485 semper
943 2400 1125 2465 autumans

295 2517 412 2588 divum
431 2518 603 2609 sacerdos,
623 2517 742 2589 infulis
761 2518 884 2607 celsus,
905 2519 1021 2590 clues‘l

295 2647 335 2712 tu
352 2663 419 2730 me,
439 2643 575 2731 marite,
596 2642 856 2732 disciplinarum
875 2643 963 2713 bono

295 2786 416 2855 puram
436 2786 476 2836 ac
494 2765 654 2854 pudicam
673 2772 766 2836 sorte
784 2768 905 2836 mortis
924 2767 1088 2858 eximens,

295 2890 332 2958 in
350 2888 480 2978 templa
499 2889 596 2959 ducis
615 2911 654 2960 ac
674 2888 836 2960 famulam
857 2891 946 2960 divis
966 2890 1071 2962 dicas.

295 3019 331 3084 te
349 3019 439 3083 teste
459 3015 590 3084 cunctis
608 3013 745 3084 imbuor
761 3015 948 3105 mysteriis,

296 3143 335 3206 tu
354 3135 830 3230 DindyrnenesAtteosqu[e]
852 3139 1043 3209 antistitem

296 3259 413 3330 teletis
432 3260 579 3330 honoras
597 3262 739 3352 taureis,
760 3282 900 3331 consors
918 3261 1009 3350 pius,

297 3384 448 3468 Hecates
466 3385 660 3454 ministram
678 3386 772 3455 trina
790 3389 925 3455 secreta
943 3384 1075 3472 edoces,

297 3507 502 3597 Cererisque
522 3508 648 3579 Graiae
667 3515 705 3577 tu
725 3511 831 3578 sacris
851 3508 990 3597 dignam
1009 3495 1131 3597 paras.¹

295 3637 331 3701 te
350 3638 493 3721 propter
512 3633 622 3702 omnis
640 3654 695 3702 me
714 3633 864 3724 beatam,
884 3654 938 3702 me
957 3634 1051 3721 piam

297 3737 485 3841 celebrant,
507 3755 597 3844 quod
615 3757 689 3845 ipse
709 3777 763 3826 me
782 3756 906 3825 bonam
926 3757 1130 3826 disseminas

296 3886 407 3950 totum
426 3901 489 3968 per
508 3880 637 3950 orbem:
658 3882 778 3969 ignota
796 3901 919 3950 noscor
938 3880 1106 3950 omnibus.

297 4026 374 4075 nam
394 4012 429 4074 te
448 4006 573 4075 marito
593 4026 654 4075 cur
671 4005 808 4093 placere
826 4026 894 4075 non
912 4006 1059 4094 queam?

296 4128 490 4217 exemplum
510 4127 552 4197 de
570 4151 624 4199 me
643 4129 809 4199 Romulae
828 4134 957 4198 matres
976 4134 1111 4217 petunt,

297 4252 519 4340 subolemque
539 4252 729 4341 pulchram,
751 4253 780 4322 si
799 4260 881 4323 tuae
900 4251 1035 4343 similis,
1054 4259 1192 4342 putant.

297 4383 420 4465 optant
438 4376 653 4465 probantque
672 4398 761 4446 nunc
779 4377 847 4448 viri
865 4398 954 4448 nunc
973 4376 1133 4467 feminae,

296 4522 383 4591 quae
402 4506 441 4570 tu
459 4501 627 4589 magister
645 4501 803 4571 indidisti
822 4502 982 4591 insignia.

296 4626 359 4697 his
371 4648 460 4696 nunc
479 4625 661 4716 ademptis,
681 4633 813 4697 maesta
831 4629 977 4698 coniunx
996 4650 1162 4716 maceror,
