3254 5408
706 338 916 407 -30-

492 546 605 638 funus,
626 554 662 618 et
680 553 838 617 extructa
856 547 994 636 inposui
1013 547 1087 635 ipse
1105 568 1203 637 pyra.

171 694 187 746 o
386 694 439 744 me
458 673 574 762 potius
592 692 708 742 manes
728 672 925 760 rapuissent
944 670 1040 740 Ditis
1059 672 1168 759 avari,

491 803 527 868 et
546 797 678 866 cineres
696 802 831 866 nostros
851 795 920 865 ima
937 793 1071 866 foveret
1089 795 1225 884 humus,

386 943 488 1011 quam
506 927 541 990 te
561 920 610 990 sic
629 921 756 990 nostris
774 920 947 1009 rapuisset
966 918 1138 990 Cerberus
1156 920 1268 1010 annis,

492 1049 553 1115 aut
571 1045 762 1132 insperanti
781 1045 881 1114 trIste
900 1042 1053 1114 dedisset
1072 1063 1169 1132 opus

240 1243 268 1300 4.
287 1239 424 1298 usitatius
443 1241 510 1297 erat
526 1232 834 1315 extructis—copis.

786 1516 847 1583 72.

172 1637 223 1709 VI
252 1640 353 1709 7243
383 1639 493 1710 Roma

279 1795 414 1887 Clytius
434 1796 458 1867 1.
478 1795 578 1868 Phile
598 1795 691 1886 Clyti
710 1795 733 1864 I.
757 1794 814 1888 [1.]

384 1920 440 1991 hic
459 1919 594 2010 Clytius
613 1939 713 1990 carus
731 1919 875 2007 cuncus,
894 1920 1074 2008 iustusque
1092 1920 1252 2009 piusque,

493 2051 547 2114 est
565 2045 665 2132 situs,
686 2049 722 2114 et
740 2043 855 2114 subito
873 2049 1029 2134 tempore
1047 2050 1170 2133 raptus
1188 2044 1280 2133 abit;

386 2189 488 2258 quem
507 2166 569 2239 flet
587 2168 749 2238 amissum
768 2173 909 2239 aeterno
927 2174 1081 2257 tempore
1099 2169 1236 2240 coniux.

239 2365 269 2419 4.
287 2378 384 2434 pauca
402 2362 427 2420 si
446 2366 631 2434 transponas,
649 2359 683 2419 fit
700 2361 844 2432 senarius
862 2361 924 2420 noli
941 2365 1041 2420 tamen
1059 2366 1183 2432 mutarc3
1200 2360 1280 2420 idem
1298 2377 1402 2422 versus
1419 2362 1447 2420 in

173 2448 297 2509 muliera
314 2450 364 2523 VI,
386 2453 502 2515 15806.

784 2647 845 2715 73.

173 2768 223 2839 VI
252 2772 353 2841 7579
383 2771 492 2841 Roma

385 2929 439 3000 dis
457 2929 616 3000 manibus
634 2929 770 3000 hieriae
789 2928 922 3018 Sophes
945 2921 952 3026 Ι

279 3053 318 3126 C.
338 3055 499 3124 Maenius
517 3054 657 3127 Cimber
684 3054 821 3142 coniugi
849 3053 1083 3124 sanctissimae
1107 3047 1114 3148 Ι
1137 3057 1174 3123 11
1191 3057 1448 3143 conservamini,

279 3177 451 3248 desiderio
470 3179 614 3267 spIritus
632 3179 711 3267 urei,
736 3171 742 3276 Ι
767 3200 854 3267 quae
873 3179 964 3248 risit
980 3199 1112 3248 mecum
1130 3199 1185 3248 an.
1200 3176 1305 3249 XIIX
1317 3200 1449 3253 menses

279 3302 330 3373 III
358 3302 433 3372 dies
466 3302 562 3391 XIII,
596 3296 603 3400 Ι
636 3301 727 3391 quod
758 3303 830 3371 rixi
862 3325 939 3373 cum
971 3324 1013 3372 ea
1045 3302 1119 3372 sine
1150 3302 1317 3391 querella.
1344 3296 1351 3402 Ι
1375 3325 1450 3376 nam

174 3446 186 3459 ·
279 3448 369 3496 nune
397 3446 526 3515 queror
543 3432 628 3515 aput
644 3446 761 3496 manes
780 3427 853 3496 eius
873 3434 909 3497 et
926 3425 1046 3515 flagito
1071 3419 1077 3522 Ι
1102 3425 1234 3496 Ditem:
1264 3433 1327 3497 aut
1345 3434 1384 3499 ct
1399 3448 1451 3500 me

279 3550 414 3620 reddite
434 3551 697 3639 coniugiumue,
718 3571 805 3639 quae
830 3545 836 3648 Ι
860 3572 992 3621 mecum
1020 3550 1108 3620 vixit
1134 3556 1194 3620 tan
1221 3551 1392 3624 concorde
1410 3551 1452 3625 ad

279 3673 419 3747 fatalem
439 3674 545 3763 diem3
572 3669 577 3771 Ι
602 3673 721 3745 Mevia
738 3673 864 3763 Sopho,
885 3675 1044 3764 impetra,
1065 3674 1096 3743 si
1114 3695 1202 3762 qnae
1221 3679 1304 3745 sunt
1319 3696 1451 3764 manes,

278 3820 321 3871 ne
346 3792 352 3897 Ι
376 3806 447 3870 tam
471 3798 653 3868 seelestam
680 3796 861 3868 discidium
889 3798 1087 3889 experiscar
1114 3797 1257 3868 diutius.
1283 3790 1289 3896 Ι
1312 3798 1452 3890 hospes,

278 3925 329 3995 ita
362 3928 441 4013 post
478 3922 611 3993 elutum
647 3923 694 3991 sit
729 3921 801 3991 tibe
839 3929 935 3993 terra
971 3922 1071 4006 Ievis,
1105 3926 1146 3992 ut
1175 3925 1215 3991 tn
1239 3914 1246 4018 Ι
1270 3921 1330 3993 hic
1366 3922 1455 3995 nihil

277 4049 433 4135 laeseris,
459 4056 518 4118 aut
539 4047 665 4136 siquis
684 4045 836 4131 laeserit,
856 4068 920 4116 nee
939 4047 1074 4135 superis
1096 4040 1104 4144 Ι
1128 4044 1376 4134 comprobetur
1393 4068 1458 4119 nec

278 4171 381 4242 inferi
400 4172 571 4260 recipiant
589 4178 623 4240 et
644 4171 689 4240 sit
709 4171 742 4239 ei
761 4178 855 4240 terra
874 4171 1006 4258 graiis!
1033 4170 1039 4264 Ι

239 4389 345 4445 5-11
368 4383 450 4442 color
469 4381 588 4456 quidam
607 4383 743 4456 poeticus
761 4382 863 4452 negari
883 4398 942 4439 uon
960 4386 1067 4453 potsse
1093 4394 1196 4439 vemas
1223 4379 1336 4455 iutegri
1364 4397 1460 4457 aegre

171 4475 376 4543 restituentem
424 4476 452 4532 6.
472 4471 582 4532 excidit
611 4472 756 4532 sententia
785 4468 848 4528 1111
877 4471 953 4527 talis:
982 4470 1038 4528 ortt
1064 4463 1140 4528 mihi
1158 4463 1325 4547 maiman,
1348 4470 1410 4532 ml
1428 4472 1460 4533 11

170 4578 216 4623 mc
234 4609 242 4623 .
261 4609 268 4623 .
287 4581 304 4623 .:
346 4567 405 4622 9-
416 4566 454 4620 10
474 4557 583 4637 hospes
601 4557 683 4634 (ito)
695 4561 768 4638 post
786 4555 899 4618 obitum
918 4574 944 4618 s.
963 4559 985 4618 t.
1003 4559 1025 4619 t.
1044 4553 1063 4617 l.
1082 4561 1301 4631 pentametrum
1320 4556 1462 4621 affimant

171 4653 276 4712 solitae
295 4666 427 4711 normae:
447 4651 578 4723 reliquus
596 4657 681 4709 tenor
700 4649 737 4707 ad
755 4648 869 4707 iambos
888 4646 991 4706 tendit.
