3254 5408
709 358 923 428 -328-

175 590 191 642 5
281 570 347 642 hoc
365 590 500 660 quoque
519 569 621 641 tituio
646 563 652 670 Ι
676 590 818 659 superos
836 575 873 641 et
889 567 1021 642 inferos
1038 574 1150 643 testor
1167 570 1249 643 deos
1274 564 1280 671 Ι
1306 629 1316 665 ,

281 715 423 766 mame
441 700 556 766 tecum
574 715 795 784 congressum
820 687 825 793 Ι
849 695 886 765 in
905 693 1088 786 venalicio,
1108 716 1177 767 una

282 818 381 891 domo
400 817 529 890 liberos
553 811 559 918 1
584 839 659 890 esse
676 817 800 908 factos,
821 839 933 909 neque
951 818 1043 890 ullus
1061 840 1213 909 unquam
1237 819 1243 912 Ι

281 964 344 1014 nos
364 943 610 1036 diibunxieset,
630 944 698 1014 nisi
716 944 774 1014 hic
791 948 873 1014 tuus
897 937 903 1042 Ι
927 941 1046 1016 fatalis
1065 943 1150 1015 dies.
1176 937 1182 1044 Ι

243 1212 273 1270 2.
290 1203 372 1269 idem
390 1203 489 1269 isdem
506 1225 595 1281 saepe
616 1207 751 1268 adverbii
769 1209 835 1269 loca
853 1209 925 1282 poni
946 1214 1059 1281 notum;
1132 1210 1218 1269 3—8
1236 1209 1311 1268 lieet
1326 1208 1452 1282 pedestri

176 1313 312 1358 sermone
331 1297 583 1378 compositumne,
610 1298 698 1356 metri
720 1302 821 1358 tamen
846 1299 957 1372 passim
985 1310 1129 1372 apparent
1155 1295 1253 1357 frusta
1280 1302 1311 1357 et
1339 1298 1450 1372 quidem

174 1386 304 1461 iambici,
331 1385 414 1444 velut
439 1381 627 1464 disiurpium
640 1381 777 1462 -miti,
804 1387 834 1446 et
860 1382 981 1467 inferos
1013 1387 1034 1446 t.
1062 1382 1144 1461 deca,
1171 1382 1450 1463 una-vecelict'c,

174 1471 378 1548 nisi-dtas:
397 1490 518 1533 carmen
535 1479 636 1534 tamen
654 1475 801 1549 integrum
820 1492 881 1535 non
899 1475 1075 1536 restituitur.

172 1885 225 1959 vn
254 1885 383 1959 sarto
412 1886 523 1958 aona
777 1780 867 1850 Μ’

334 2095 336 2112 ,
386 2046 445 2118 bic
463 2050 518 2117 est
537 2043 674 2116 condita
692 2042 840 2115 delicata
858 2042 958 2137 Mus[
980 2041 1008 2136 ].

239 2291 519 2367 hendecasyllabum
539 2308 604 2352 esse
622 2290 768 2352 viderunt
779 2290 920 2352 editores.

172 2701 223 2774 VI
252 2703 383 2772 23472
411 2700 521 2772 Roma
775 2596 863 2666 796.

278 2881 311 2951 ο,
330 2860 464 2931 utinam
482 2861 561 2933 vivo
580 2859 768 2950 potuissem
786 2858 941 2948 praemia
958 2828 1127 2929 morumf

384 2983 547 3056 redderet
567 3003 657 3054 nunc
675 2981 834 3053 lacrimas
853 2982 970 3073 accipe
989 3001 1052 3073 pro
1071 2983 1219 3057 meritis.

277 3129 356 3180 uam
375 3128 521 3198 semper,
540 3106 663 3197 fateor,
683 3106 792 3177 tacita
809 3112 845 3177 te
862 3112 977 3178 mente
995 3106 1157 3196 probavi:

383 3231 518 3303 detexit
536 3250 656 3316 sensus
674 3229 797 3300 ultima
815 3228 953 3300 flamma
970 3249 1076 3301 meos.

168 3376 186 3430 u
278 3363 317 3428 tu
337 3355 504 3448 columen,
523 3354 795 3444 rerum'semper
812 3359 852 3424 tu
870 3375 953 3426 cura
970 3375 1140 3445 mearum;

383 3502 474 3562 nunc
493 3481 562 3552 eris
581 3485 617 3552 et
633 3478 746 3550 luctus
765 3483 804 3549 tu
824 3497 958 3567 queque
977 3499 1082 3551 causa
1099 3479 1183 3550 mei:

278 3605 414 3690 ossibus
431 3603 611 3676 infundam
630 3624 718 3694 quae
736 3623 930 3692 nuncquam
947 3604 1030 3675 vina
1046 3603 1179 3675 bibisti.
1293 3630 1294 3633 ¹

316 3705 318 3708 ⁵
597 3728 652 3799 dis
671 3726 829 3798 manibus
853 3721 859 3826 1
883 3725 1053 3816 Onesimi3
1083 3727 1252 3801 Anicetus
1275 3729 1448 3801 carissima

597 3851 681 3924 fecit
699 3850 836 3922 dominc
861 3845 867 3951 Ι

239 4210 269 4267 4.
287 4206 316 4268 h.
336 4221 361 4268 e.
379 4117 518 4285 &127
524 4201 561 4264 cf.
579 4204 651 4265 Hor.
671 4203 724 4265 Od.
742 4203 781 4282 ΙΙ,
798 4208 847 4281 17,
867 4207 963 4264 3—4:
981 4221 1112 4264 mearum
1131 4203 1243 4280 grande
1263 4204 1355 4266 decus
1373 4206 1449 4266 colu-

169 4311 295 4370 menque
313 4311 422 4368 notum;
440 4299 549 4369 postu.
565 4299 594 4354 7.
611 4293 688 4366 lapis
707 4293 824 4367 integer
843 4298 898 4369 est,
917 4297 974 4354 etsi
991 4295 1153 4368 requiritur
1170 4298 1357 4368 pentameter
1374 4296 1448 4355 talis:

383 4424 413 4478 et
431 4419 518 4478 sertis
536 4418 695 4478 lacrimans
713 4418 777 4492 ipse
797 4417 893 4477 colam
912 4419 1049 4494 tumulos,

158 4533 216 4606 'uel
234 4547 267 4603 ut
286 4541 369 4602 dedit
386 4543 457 4602 Leo:

382 4672 413 4726 et
431 4667 541 4727 merito
561 4665 666 4725 dicam:
685 4665 723 4725 sit
740 4664 795 4725 tibi
814 4670 896 4724 terra
914 4664 998 4726 levis.
