3254 5408
168 788 221 858 VI
249 791 374 861 30101
407 788 515 860 Roma

266 1109 271 1118 .
382 1072 530 1144 candore
550 1073 699 1167 pulchro,
712 1071 926 1164 marmorils]

382 1199 417 1267 in
436 1217 503 1287 quo
521 1198 703 1288 perspicua
721 1197 874 1287 corporis

382 1323 475 1393 inest
494 1320 629 1412 effigies
647 1323 807 1392 numinis.

238 1622 351 1698 effigies
371 1630 417 1684 est
434 1626 561 1684 numinis
581 1625 715 1696 adonius,
735 1623 802 1685 fort.
830 1623 963 1698 Jnnonis,
976 1608 979 1616 ’
991 1622 1146 1683 defunctae
1175 1625 1291 1683 vultum
1321 1642 1391 1698 prae
1417 1640 1443 1682 se

169 1710 279 1785 larena,
298 1719 331 1771 ut
349 1713 427 1786 VIII,
447 1718 520 1786 251;
539 1713 617 1773 ORE
636 1714 760 1786 laterae,
779 1731 854 1786 quae
872 1715 903 1772 in
921 1713 1019 1787 lapide
1039 1733 1057 1772 a
1075 1700 1195 1773 sinistra
1223 1712 1323 1772 fracto
1351 1715 1443 1787 legun·

170 1808 228 1874 tur,
246 1803 284 1861 ad
302 1803 431 1875 priorem
451 1803 597 1878 pagellam
616 1803 765 1876 pertiuere
785 1804 896 1861 rectius
920 1809 1006 1876 putat
1024 1803 1196 1874 Buecheler,
1215 1821 1305 1876 quam
1322 1804 1359 1861 ad
1368 1804 1443 1866 hunc.

171 1907 277 1964 nempe
296 1897 329 1950 ut
345 1892 511 1966 corrigatur
538 1908 671 1969 corpore.
698 1891 880 1966 lungendum
910 1892 1034 1951 videtur:
1063 1892 1297 1969 (monumentum
1326 1893 1443 1966 insIgne)

171 1980 300 2040 candore
314 1998 342 2054 p.
355 1982 519 2054 marmorio,
536 1982 568 2040 in
588 1999 645 2054 quo
664 1982 742 2040 inest
759 1978 873 2053 effigies
892 1981 1029 2055 numinis,
1047 1983 1203 2056 perspicua
1221 1983 1358 2054 corporis
1377 1982 1443 2057 (scil.

171 2066 328 2128 defunctae
348 2067 482 2146 effigies).

760 2305 874 2374 1348.

170 2406 222 2478 Vl
254 2409 381 2478 30136
410 2407 521 2478 Roma

383 2567 406 2638 d
426 2621 620 2641 .......

279 2693 337 2781 qui
355 2692 462 2785 le[gis
482 2745 492 2763 .
514 2749 522 2765 .
545 2749 553 2764 .
576 2749 584 2764 .

384 2838 427 2888 ex
444 2818 503 2907 poi
524 2871 655 2890 .....

278 2942 451 3034 quieqlue)
467 2943 525 3032 poi
546 2999 554 3013 .
578 2997 586 3014 .
610 2999 617 3013 .

171 3086 187 3138 u
384 3074 546 3156 tanquam
567 3121 576 3139 .
599 3123 607 3140 .
629 3122 639 3140 .
662 3124 669 3138 .

278 3192 357 3281 quis
376 3191 496 3263 credat
514 3192 647 3286 snbi[to
668 3191 764 3286 casu]
785 3193 835 3265 sic
853 3213 915 3264 nos
933 3193 1132 3288 ruiturlos],

384 3316 475 3406 quod
493 3337 574 3390 casu
593 3372 726 3390 .....

383 3463 445 3532 req
466 3495 628 3513 ......

277 3565 341 3658 niu
362 3619 493 3638 ·····

238 3777 315 3836 binis
334 3778 441 3850 lapidis
460 3779 593 3837 versibus
614 3781 745 3854 singulos
768 3780 906 3839 carminis
935 3778 1012 3841 ellici
1040 3787 1126 3855 putat
1153 3781 1328 3853 Buecheler,
1355 3784 1444 3842 editor

171 3866 208 3924 ad
227 3883 253 3926 v.
274 3870 291 3926 6
311 3867 398 3925 iussit
416 3865 544 3926 conferri
563 3868 749 3929 Ovidianum:
768 3865 912 3930 claudite
929 3886 1004 3931 caete
1022 3885 1100 3948 quac
1116 3865 1241 3932 valuere
1258 3874 1367 3933 mont.

760 4176 874 4248 1349.

170 4278 221 4350 VI
251 4283 378 4368 30137
407 4279 518 4351 Roma

493 4497 500 4512 .
524 4499 531 4513 .
554 4497 561 4512 .
585 4443 640 4512 aai
661 4499 668 4512 .
692 4497 698 4511 .
721 4497 728 4513 .
753 4496 760 4511 .

492 4620 716 4638 ........
737 4566 857 4637 littera
877 4620 885 4636 .
909 4623 916 4636 .
940 4622 979 4639 ..

279 4687 375 4781 isze'
389 4688 519 4779 legens,
539 4690 708 4760 tumulum
727 4691 865 4784 c[redas
883 4713 962 4764 ossa
978 4692 1102 4786 ae]gra
1118 4693 1170 4764 tul
1191 4694 1305 4789 [isse]
