3254 5408
150 1819 236 1893 Cum
263 1824 344 1891 ante
372 1818 435 1892 hos
462 1838 569 1891 annos
596 1817 671 1891 lere
694 1818 851 1891 undecim
869 1819 981 1910 prima
998 1819 1150 1911 sylloges
1168 1818 1271 1893 huius
1288 1841 1351 1912 po-

64 1967 187 2019 nerem
205 1944 439 2037 lundamenta,
458 1943 527 2016 luit
544 1945 582 2016 in
600 1944 713 2017 animo
734 1965 822 2035 quae
841 1945 969 2035 ubique
988 1946 1156 2037 impressa
1172 1951 1351 2019 exstarent

66 2070 224 2143 carmina
240 2069 466 2161 epigraphica
484 2070 691 2160 sepulcralia
701 2070 737 2141 in
748 2069 978 2142 unumomnia
996 2071 1094 2161 quasi
1112 2071 1351 2163 corpusculum

65 2194 240 2285 redigere:
262 2215 329 2267 non
348 2215 430 2267 sane
448 2200 488 2266 ut
505 2195 622 2286 cycnis
640 2194 788 2267 hirundo
806 2194 1060 2290 contenderem,
1090 2196 1151 2268 sed
1169 2217 1232 2288 pro
1250 2201 1351 2288 parte

67 2319 166 2393 uirili
177 2327 217 2391 ut
225 2321 279 2392 rei
288 2320 567 2411 pernecessariae
586 2321 810 2394 consulerem.
831 2320 881 2395 Ut
895 2322 987 2393 enim
1004 2321 1141 2394 mittam
1159 2321 1352 2395 uetustiora

67 2446 132 2518 illa
159 2445 310 2517 Ferretii
337 2445 498 2518 Bonadae
516 2447 705 2518 Burmanni
721 2446 869 2519 aliorum
887 2447 1108 2541 collectanea,
1128 2447 1172 2519 ad
1194 2446 1350 2519 Bueche-

66 2572 180 2645 lerum
198 2591 307 2661 usque
329 2592 351 2643 a
373 2592 472 2643 musa
498 2570 670 2662 lapidaria
696 2572 806 2644 latina
832 2572 1025 2661 colligenda
1051 2571 1126 2645 fere
1152 2571 1350 2644 abstinuere

66 2696 136 2769 riri
155 2694 258 2789 docti,
271 2697 297 2789 ¹)
315 2696 396 2767 dum
414 2695 577 2788 Corporis
595 2697 623 2772 Ι.
643 2696 686 2771 L.
707 2697 846 2770 ultimas
864 2697 1023 2789 plagulas
1050 2702 1244 2791 expectant,
1273 2718 1351 2769 cum

65 2821 187 2913 graeci
204 2821 241 2892 id
259 2842 368 2911 genus
386 2820 482 2893 tituli
502 2821 569 2893 iam
592 2827 629 2895 et
652 2819 804 2913 colligib
831 2823 945 2913 coepti
973 2823 1042 2895 sint
1070 2828 1106 2894 et
1133 2822 1312 2913 explicari.
1323 2805 1350 2897 Β)

120 3133 147 3205 1)
169 3133 209 3189 (ll.
231 3134 364 3190 Heinrich
387 3134 484 3207 Seidel,
507 3137 575 3191 dbar
593 3136 727 3191 romische
746 3134 995 3206 Grabiaschriften‚
1009 3134 1218 3191 wissenschaftl.
1233 3133 1349 3205 Beilage

63 3240 129 3279 zum
141 3223 367 3279 Jabresberichte
377 3223 425 3280 des
439 3225 509 3280 Kbn.
519 3226 617 3294 Gymu.
626 3241 661 3278 au
670 3225 771 3294 Sagun,
782 3226 860 3293 18913
870 3223 930 3278 Em.
941 3224 1078 3295 Hucbncr,
1091 3222 1226 3293 Enempla
1240 3239 1293 3279 scr.
1307 3238 1350 3295 ep.

65 3312 126 3383 lat,
139 3312 265 3384 prolegg.
279 3331 305 3383 p.
320 3313 412 3369 XXVI
425 3320 454 3370 et
467 3332 512 3384 pp.
527 3317 579 3370 896
593 3330 653 3382 sqq.

121 3403 150 3475 2)
170 3403 353 3459 Kaibelianaa
371 3404 492 3474 sylloges
511 3402 597 3459 veluti
614 3402 805 3472 supplementa
818 3410 890 3458 sunt:
904 3404 1013 3474 hepar,
1027 3403 1218 3473 inscriptiones
1232 3416 1350 3472 graecae

66 3493 198 3549 metricae
211 3507 246 3548 ex
260 3494 439 3564 scriptoribus
452 3498 564 3563 praeter
579 3491 768 3560 anthologiam
783 3492 926 3565 collectae,
939 3492 1014 3561 Lips.
1034 3494 1111 3561 1891;
1137 3492 1169 3546 E.
1188 3491 1350 3562 Hoffmann,

64 3580 174 3653 sylloge
197 3582 429 3651 epigrammatum
450 3597 621 3651 graecorum,
644 3596 716 3650 quae
735 3586 799 3636 ante
818 3580 936 3636 medium
955 3598 975 3635 s.
992 3597 1016 3635 a.
1032 3581 1094 3635 Chr.
1108 3597 1134 3635 n.
1154 3580 1193 3634 lll
1213 3580 1301 3635 incisa
1315 3580 1350 3635 ad

18 3688 25 3697 ’
64 3678 322 3742 nosperveuerunt,
336 3671 429 3740 Halle,
444 3674 522 3727 1898.

120 3759 148 3830 9)
169 3760 209 3815 lis
226 3776 297 3829 quae
314 3758 434 3830 Lnrfeld
455 3760 617 3815 memoravit
640 3759 760 3831 (Grieclr.
774 3760 878 3829 Epigr,
892 3758 938 3815 lu.
953 3757 1035 3813 Mull.
1049 3761 1063 3814 1
1077 3776 1103 3827 p.
1117 3758 1181 3831 484)
1204 3758 1351 3818 addantur:

64 3848 175 3919 Karbai,
188 3848 358 3919 griechischa
371 3848 619 3919 Friedholspoesie,
633 3850 715 3905 Deut.
730 3850 796 3905 Rev.
812 3851 890 3919 1894,
903 3846 989 3915 Mara,
1003 3865 1029 3917 p.
1044 3850 1096 3903 367
1115 3863 1183 3917 sqq.;
1206 3847 1293 3918 Xocb,
1316 3848 1350 3903 do

63 3938 156 3994 titulis
180 3938 289 4007 graecis
311 3937 522 4010 sepulcralibus,
543 3939 609 3995 diss.
632 3939 740 4007 Regim.
760 3939 829 3993 1890
846 3937 904 4009 (ubi
918 3943 946 3992 et
960 3936 1030 3992 alios
1044 3936 1183 4006 invenies),
1196 3936 1235 3993 s'd.
1249 3953 1284 3990 aa
1298 3936 1351 3992 den

65 4027 171 4097 griech.
186 4027 407 4101 Grabschriften,
421 4029 450 4084 in
464 4028 739 4084 commentationibus
752 4025 1031 4095 Friedlaenderianis,
1045 4027 1120 4095 Lips.
1137 4026 1349 4095 1891118181-

64 4116 140 4185 mu,
154 4115 270 4173 Studien
283 4134 317 4172 zu
331 4118 357 4173 d.
371 4134 413 4187 gr.
427 4118 588 4187 Grabscbr,
601 4117 751 4173 Faldlrirch
767 4119 836 4173 1896
853 4117 926 4188 (Ρι.);
952 4115 1095 4184 Gamcber,
1120 4115 1163 4171 die
1188 4122 1239 4172 att.
1262 4116 1349 4171 Grab-

66 4206 203 4263 sclsrilten
222 4206 344 4264 chronol.
364 4207 506 4278 geordnet,
525 4208 660 4263 orltutert
678 4206 734 4261 und
752 4207 802 4260 mit
816 4194 957 4263 llbersetz.
976 4206 1138 4274 bearbeitet,
1153 4205 1176 4259 Ι.
1190 4204 1226 4261 ll.
1239 4205 1350 4260 Locben

67 4298 145 4367 lffltl,
168 4295 282 4367 deler,
304 4296 348 4352 die
372 4302 422 4351 att.
447 4297 622 4366 Grabsteine,
644 4295 738 4351 Mitth.
757 4296 783 4351 d.
803 4295 876 4351 deut.
898 4294 972 4352 arch.
992 4295 1058 4350 lust.
1083 4311 1118 4348 zu
1141 4294 1244 4363 Athen,
1266 4293 1301 4363 X,
1323 4298 1352 4373 4,

63 4402 90 4457 p
103 4388 159 4441 858
172 4400 232 4455 sqq.
246 4384 282 4441 cf.
295 4386 333 4444 ib.
346 4403 373 4455 p.
387 4389 440 4441 402
454 4402 524 4456 sqq.;
540 4385 726 4455 Habitancum,
745 4392 796 4441 att.
810 4382 1058 4453 Grabinschriften,
1077 4384 1113 4439 ib.
1131 4383 1208 4453 XIII,
1227 4387 1252 4453 2,
1271 4382 1347 4439 Dru·

61 4474 165 4545 gatula
177 4489 249 4530 neue
263 4474 411 4531 Grabschr.
426 4492 476 4531 aus
490 4476 597 4545 Piraus,
615 4475 718 4531 Berlin.
732 4474 800 4545 phil.
815 4473 1013 4529 Wochenschr.
1031 4473 1108 4543 vm,
1127 4476 1144 4529 6
1162 4491 1189 4542 p.
1211 4475 1261 4530 188
1280 4489 1351 4541 sqq.;

63 4564 163 4633 Hiller,
181 4570 232 4619 att.
251 4564 488 4634 Grabepigramm,
502 4566 538 4621 ib.
554 4565 589 4635 X,
602 4568 630 4634 8,
642 4581 669 4635 p.
683 4566 745 4635 934;
763 4563 887 4632 abab,
907 4563 1151 4632 Grabepigramme
1171 4579 1221 4616 aurs
1236 4562 1350 4627 Lesbos,

61 4653 278 4724 mcbtolog.·cp.
293 4653 388 4708 Mitth.
403 4670 453 4710 aus
467 4655 542 4710 Oest.
556 4654 606 4723 XI,
622 4658 646 4723 l,
660 4672 686 4725 p.
701 4657 745 4724 933
765 4654 908 4724 (ἔοιιψιη,
927 4652 1155 4722 Grabepigramm
1171 4668 1220 4706 aua
1234 4649 1348 4721 Lydicn,

60 4742 98 4797 ib.
112 4742 163 4811 XI,
180 4746 208 4809 8,
220 4759 247 4812 p.
263 4745 315 4798 188
329 4734 399 4813 aba,
415 4743 464 4799 all.
