3254 5408
630 353 843 422 -131—

166 654 195 710 4.
215 561 449 710 verbaBlrdslquoff¹
467 666 531 712 ecce
549 647 617 711 dics
634 668 689 724 pro
707 652 877 724 parenthesi
895 653 1006 713 habent
1024 653 1162 728 editores3
1185 659 1257 729 puto
1275 660 1375 716 tamen

89 743 317 811 pentametrum
335 739 433 812 potius
453 740 635 814 quadratarii
653 738 781 800 fortasse
800 741 887 816 culpe
906 743 1051 803 excidisse
1070 742 1204 804 adhunc
1222 744 1352 805 modum:

310 863 434 935 contigit
453 868 484 922 et
502 869 598 924 natae:
616 862 650 924 fit
668 865 711 924 ita
728 862 870 925 flebilius:

200 951 317 1011 tristior
335 968 405 1011 occe
424 952 497 1025 dies,
515 957 571 1014 etc.

163 1074 235 1137 ibid.
252 1071 338 1136 malo
355 1076 440 1149 lapie3
459 1092 537 1138 corr.
554 1077 705 1151 Huebner,
722 1083 822 1138 tuetur
839 1080 1012 1142 Buecheler.

87 1429 145 1501 III
175 1431 250 1500 406
280 1430 448 1521 Thyatira
697 1330 785 1398 311·

201 1595 283 1661 vota
298 1611 516 1681 ¹supervacua
533 1591 703 1683 fletusque
722 1598 758 1663 et
775 1594 915 1666 numina
933 1594 1050 1666 divum

200 1718 347 1786 naturae
364 1715 460 1806 leges
479 1715 695 1807 fetorumque
713 1719 831 1806 arguit
849 1718 943 1790 ordo.

202 1840 364 1928 sprevisti
383 1847 518 1930 patrem
537 1847 762 1935 matremque,
783 1844 974 1914 miserrime
993 1851 1085 1934 nate,

200 1963 339 2054 Elysios
357 1985 495 2055 campos
515 1966 674 2038 habitans
692 1972 728 2038 et
745 1972 847 2056 prata
864 1973 1015 2041 reatum.

307 2159 332 2216 B
357 2162 420 2219 432

164 2250 191 2306 1.
209 2251 277 2320 poet
294 2263 484 2326 superuacua
503 2249 578 2308 adde
596 2264 671 2322 csso
688 2247 819 2310 numios
837 2247 942 2311 diacon
959 2251 987 2312 h.
1007 2268 1033 2313 e.
1052 2253 1290 2331 supplicationes,
1309 2257 1373 2330 qui·

88 2335 148 2393 bus
169 2335 265 2394 solent
283 2336 313 2396 di
332 2338 459 2411 exorari,
478 2339 569 2397 vitam
586 2339 751 2412 longiorem
768 2341 813 2398 uti
830 2340 1003 2413 praebeant
1049 2346 1079 2403 4.
1097 2342 1126 2403 h
1144 2359 1170 2404 e.
1189 2339 1354 2406 beatorum.

589 2594 591 2597 ’
696 2587 784 2656 312.

86 2689 142 2761 III
171 2692 247 2761 423
275 2688 365 2760 Teos

199 2850 281 2940 Iope
300 2850 349 2923 Hi
373 2842 379 2948 Ι
403 2850 471 2920 lari
489 2849 675 2942 Caeslaris)
700 2843 705 2946 Ι
729 2850 816 2921 vixit
834 2872 889 2922 an.
909 2849 977 2922 XV
1000 2841 1006 2948 Ι

201 2975 285 3065 qnid
303 2995 448 3065 superos
465 2975 564 3064 potui
581 2975 716 3047 iuvenis
733 2974 874 3045 laesisse
892 2979 1049 3064 penates

306 3099 398 3188 quod
415 3098 546 3170 tumulo
565 3099 667 3190 Iopes
685 3120 762 3172 ossa
781 3098 917 3187 sepulta
934 3097 1068 3170 latent?

199 3245 263 3296 nec
280 3225 394 3314 patrio
412 3223 509 3313 potui
529 3225 662 3312 gremio
680 3245 757 3294 mea
776 3223 894 3295 debita
911 3221 993 3294 fatis

304 3347 461 3437 reddere,
480 3369 543 3419 nec
561 3348 720 3418 menibus
737 3347 869 3418 lumina
886 3352 1082 3434 contegere.

198 3473 235 3542 in
252 3472 407 3562 Phrygia
423 3472 569 3543 miserae
588 3492 723 3561 corpus,
743 3471 907 3560 Volcano,
927 3470 1100 3561 cremasti,

225 3626 229 3631 ·
306 3603 457 3669 sumeret
474 3603 514 3667 ut
531 3596 636 3667 tellus
654 3598 807 3667 muneris
825 3617 901 3668 ossa
918 3597 1004 3684 mei;

200 3728 236 3793 ct
254 3743 342 3811 quac
361 3721 527 3792 debebam
545 3721 650 3792 matri
668 3742 828 3810 supremo
846 3727 1000 3810 tempore
1020 3725 1152 3791 terram
1208 3701 1213 3713 ¹
1255 3776 1258 3781 <

304 3866 445 3936 ponere,
465 3845 522 3916 vel
540 3851 689 3916 maestos
706 3846 847 3934 pietatis
865 3844 1021 3916 scindere
1041 3844 1167 3931 crines,

199 3967 312 4041 effecit
328 3990 520 4059 properans
537 3970 660 4041 mortis
678 3990 766 4058 quae
784 3973 926 4040 venerat
943 3968 1040 4056 hora,

304 4098 345 4163 ut
362 4095 522 4184 genetrix
541 4114 641 4164 casus
660 4092 759 4164 fleret
777 4093 904 4181 ubique
923 4111 1028 4162 mooe.

162 4398 191 4455 2.
204 4389 309 4471 poluit
328 4393 479 4453 edebatur:
499 4410 575 4454 corr.
592 4394 624 4453 in
643 4392 732 4454 addit.
750 4410 778 4466 p.
790 4395 852 4452 978
864 4391 901 4451 ad
910 4393 965 4464 tit.;
983 4409 1038 4464 pro
1050 4392 1184 4467 penales
1202 4391 1369 4465 suspicatur

87 4481 201 4542 Buech.
222 4483 366 4560 potentes
392 4480 494 4555 fuisse
558 4488 587 4543 4.
605 4478 709 4543 dehita
735 4487 868 4553 naturae
927 4485 955 4542 5.
973 4476 1086 4541 matris
1113 4476 1233 4541 lamina
1259 4481 1370 4539 mauolt

87 4571 265 4646 Mommsen,
283 4572 365 4631 nulla
382 4572 516 4646 legitima
533 4589 632 4642 cauee;
650 4567 856 4644 postrenmo
874 4569 1068 4644 supplendum
1088 4565 1198 4646 ipsium
1222 4573 1251 4630 7.
1269 4569 1369 4627 malim

84 4655 223 4732 funeris
251 4656 343 4722 talus
368 4657 429 4722 mci
446 4657 593 4735 macteris,
618 4660 714 4733 iungit
731 4660 775 4732 Β.·,
821 4662 849 4719 8.
869 4659 979 4720 archet.
997 4660 1028 4719 ct
1046 4673 1123 4735 poce
1142 4653 1172 4718 d.
1190 4673 1329 4734 morrono
1348 4658 1369 4718 t.

1119 4757 1154 4814 9*
