3254 5408
819 359 1032 429 —286-

282 606 288 614 ·
394 573 506 644 Nobis
527 592 629 663 porro
648 570 716 642 alia
736 575 790 643 est
807 572 899 642 trino
918 570 960 641 de
979 571 1113 641 nemine
1132 568 1198 641 fati

394 698 501 768 Dicta
519 697 594 767 dies
613 695 687 786 leti,
708 717 811 786 quam
828 717 1021 786 propagare
1041 702 1164 785 suopte

395 821 519 892 Visum
538 819 616 891 ollis
636 821 741 891 tacito
761 819 908 891 arbitrio
927 840 1004 891 cum
1023 819 1100 909 lege
1118 819 1274 909 perenni,

396 946 480 1018 Sisti
499 966 587 1035 quac
606 950 746 1016 cunctos
764 944 862 1015 iubet
879 944 924 1015 ad
941 943 1138 1016 vadimonia
1155 943 1290 1015 mortis.

503 1131 612 1199 Beue

686 1225 873 1286 acrostichon
892 1231 937 1285 est
955 1225 1011 1284 Iuli
1029 1225 1166 1286 Secundi.

358 1320 407 1378 11.
425 1331 534 1376 maaca
551 1313 670 1374 aliunde
688 1315 829 1390 ignotum
847 1312 972 1376 numine
990 1315 1039 1374 vel
1055 1310 1176 1376 nomiae
1199 1314 1302 1388 legunt
1324 1313 1448 1388 quidm
1467 1331 1577 1389 perpe

287 1422 352 1463 rem
371 1406 497 1477 omnino;
545 1407 683 1464 11-13.
702 1404 729 1464 h.
749 1420 783 1465 e.:
812 1403 884 1462 mihi
912 1405 949 1463 ab
976 1403 1069 1463 isdem
1097 1404 1192 1463 tribus
1220 1404 1324 1463 Parcis
1351 1405 1433 1463 trino
1457 1406 1577 1464 nemine

288 1495 419 1566 ipsarum
432 1494 576 1552 hactenus
594 1498 627 1551 ut
644 1494 740 1552 vivam
759 1508 932 1553 concessum
951 1498 1005 1565 est3
1023 1493 1082 1552 tria
1099 1493 1227 1552 11111111
1244 1493 1323 1552 uitae
1342 1493 1440 1565 ipsius
1458 1494 1577 1554 scilicet

288 1584 389 1643 uxoris
407 1581 544 1657 filiaeque
563 1581 737 1655 intellegere
756 1581 922 1641 Secundum
941 1583 1046 1642 statuit
1064 1581 1239 1643 Buecheler.

891 1833 979 1903 694.

288 1937 341 2011 VI
370 1940 498 2011 20908
527 1937 638 2009 Roma
834 2015 843 2031 ,

807 2057 809 2061 ‘
871 2042 894 2114 d
948 2064 982 2114 m

395 2169 496 2240 Iunia
513 2167 653 2258 Sabina,
674 2168 798 2239 coniux
823 2160 828 2266 Ι
852 2167 1141 2260 incomparabilis,
1170 2173 1283 2240 mater
1299 2169 1431 2259 pientis
1455 2163 1461 2266 Ι
1487 2172 1576 2243 sima

395 2293 452 2365 hic
470 2292 628 2383 quiescit,
659 2291 715 2363 cui
742 2290 831 2362 bene
857 2292 1058 2383 metuenti
1085 2291 1127 2363 de
1154 2294 1227 2364 suis
1255 2291 1322 2364 sibi
1349 2293 1462 2364 Iunii:
1494 2295 1575 2369 Cal-

395 2418 495 2489 listra
511 2411 517 2517 Ι
536 2416 738 2505 tusconiux,
749 2417 834 2488 item
846 2416 1009 2489 Marathe
1020 2415 1127 2489 etCal
1146 2411 1151 2512 Ι
1170 2415 1576 2509 listratusfilifecerunt,

289 2564 306 2614 a
406 2572 411 2580 ·
503 2546 539 2612 et
556 2541 646 2611 hunc
663 2541 805 2612 titulum
823 2547 1013 2632 posuerunt
1031 2542 1174 2631 pietatis
1192 2541 1368 2632 honorem,

503 2671 682 2737 aeternum
701 2667 838 2756 coniugi
859 2671 895 2737 ct
911 2667 1017 2737 matri
1034 2665 1188 2751 muneris
1207 2663 1368 2737 officium.

358 2862 386 2922 5.
407 2864 434 2922 6.
454 2859 648 2934 archetypum
666 2859 836 2919 huiusmodi
854 2857 944 2919 fuisse
962 2864 1048 2933 putat
1065 2859 1195 2920 Henaen:

503 2947 580 3008 filins
598 2949 676 3008 hunc
694 2949 811 3008 titulum
830 2949 931 3022 posuit
948 2948 1069 3023 pietatis
1087 2948 1238 3024 honorem,

502 3044 655 3097 aeternum
674 3039 762 3097 matri
780 3037 910 3097 muneris
929 3035 1066 3096 officium.

891 3288 981 3360 695.

287 3390 339 3462 VI
368 3394 494 3463 21151
525 3391 636 3463 Roma

500 3551 660 3640 Lasciva,
680 3571 786 3623 verna
810 3544 815 3650 Ι
841 3551 882 3641 Q.
902 3550 1033 3641 Sulpici
1052 3548 1212 3622 Abascan
1235 3543 1242 3648 Ι
1265 3550 1307 3638 11,

396 3695 484 3764 quae
501 3675 653 3746 nondum
671 3680 804 3766 septem
822 3675 941 3766 (vitae)
961 3674 1194 3765 compleverat
1211 3693 1329 3763 annos,

395 3819 484 3887 quae
503 3800 616 3870 caruit
634 3799 710 3871 lnce
730 3804 766 3869 et
784 3799 938 3871 tenebris
957 3799 1152 3873 scuniscuit
1170 3799 1267 3890 atris,

394 3922 544 3995 Lasciva
561 3923 706 3994 nimium
724 3923 806 3995 fatis
825 3923 1021 3996 crudelibus
1041 3929 1119 3996 orta
1137 3929 1205 3995 est:

393 4045 496 4137 liquit
514 4053 551 4119 et
569 4047 708 4120 orbatos
726 4049 870 4119 miseros
888 4045 1041 4138 fidosque
1060 4053 1233 4139 parentes,

394 4171 560 4245 uberibus
577 4174 708 4264 pressis
726 4173 897 4245 nutricem
915 4171 1021 4262 liquit
1039 4179 1227 4262 amantem

365 4358 367 4362 .
394 4297 541 4368 coniunx
560 4297 707 4369 nutricis
724 4295 847 4368 infelix
866 4296 925 4367 ille
943 4296 1099 4385 relictus,

393 4428 527 4492 maeret
546 4427 581 4492 et
599 4422 644 4493 ad
662 4423 795 4494 cineres
812 4422 949 4513 plangit
967 4442 1029 4492 suu
1047 4427 1188 4511 pectora
1205 4420 1343 4512 palmis,

394 4564 457 4615 nec
476 4544 562 4614 eatis
581 4551 736 4633 ereptam
754 4544 866 4616 lucem
884 4543 951 4614 sibi
973 4542 1100 4637 [morte
1118 4541 1270 4636 puellae]

394 4666 550 4761 [cingere
568 4673 685 4758 potest
702 4669 845 4740 memori
865 4669 996 4759 pietate
1017 4667 1202 4762 parentis].
