3254 5408
586 309 798 410 -auu-

158 552 367 644 locupletem
391 547 397 652 Ι
422 573 458 623 se
486 553 640 642 speravit
668 574 742 624 esse
770 552 936 643 futurum,
964 546 969 651 Ι
994 574 1054 643 spe
1074 553 1238 643 deceptus
1258 561 1333 624 erat

159 686 195 751 et
214 700 235 750 a
253 677 342 748 mult
366 670 371 775 Ι
396 678 437 767 is,
457 677 545 747 bene
564 678 721 766 meritus,
742 678 873 749 amieis.
896 673 901 774 Ι
920 678 1008 748 hanc
1027 678 1178 749 casulam
1196 679 1233 748 in
1252 698 1331 768 par-

158 826 181 875 v
205 798 211 901 Ι
236 800 357 874 ufeeit
380 803 532 890 supremi
560 803 727 892 temporis
752 803 757 893 Ι
782 802 912 874 sedem:
941 802 1066 872 maiori
1094 823 1176 874 cura
1200 795 1205 901 Ι
1230 823 1333 892 quam

159 929 304 1017 inpensa
330 927 456 1016 putuit.
483 920 488 1025 Ι
514 926 580 997 diis
607 926 810 1017 parentibus
838 928 911 998 suis
939 920 945 1016 Ι
978 927 1068 998 hune
1096 927 1244 1018 lapidem
1271 949 1332 1018 po-

162 1053 233 1122 suit
257 1044 262 1151 Ι
287 1071 486 1141 supremum
513 1057 643 1121 semota
672 1051 759 1139 loeo,
785 1051 937 1143 {suptus
964 1073 1066 1142 quem
1093 1051 1306 1141 factumest,
1328 1056 1333 1161 Ι

161 1181 201 1246 ut
236 1182 468 1247 remanerent·
491 1196 569 1246 ossa
593 1169 598 1274 Ι
624 1182 660 1246 et
695 1177 829 1247 eineres
865 1175 903 1249 O.
937 1175 1059 1248 fratris
1088 1183 1124 1247 et
1148 1171 1154 1273 Ι
1178 1197 1240 1248 sua
1266 1177 1333 1247 ube

160 1301 430 1390 requiescerent,
457 1293 462 1398 Ι
488 1307 524 1371 et
560 1320 624 1390 per
658 1321 760 1390 quem
797 1302 920 1373 testari
956 1306 1086 1392 posset,
1112 1295 1118 1400 Ι
1143 1321 1245 1391 quam
1281 1301 1334 1373 la-

162 1424 299 1495 boriose
328 1431 365 1496 et
391 1445 459 1495 nun
483 1423 490 1518 Ι
514 1446 633 1496 secure
661 1425 817 1496 virserit.
846 1427 906 1515 qui
932 1427 1030 1497 vivus
1055 1419 1060 1521 Ι
1084 1426 1204 1496 multis
1225 1426 1261 1496 in
1280 1424 1334 1496 fu-

163 1555 279 1619 turum
316 1551 482 1640 sulp)rem
508 1543 558 1644 {a
594 1549 746 1638 hospitia
781 1550 923 1621 donavit
959 1551 1090 1638 amicis,
1126 1543 1132 1646 Ι
1165 1550 1263 1622 euius
1299 1551 1336 1621 iu

163 1672 314 1762 hospitio
331 1674 490 1762 requiese
515 1665 520 1770 Ι
545 1673 682 1764 (erelnt,
711 1675 830 1745 multis
858 1675 969 1765 gratis
993 1668 999 1773 Ι
1023 1681 1060 1745 et
1086 1675 1220 1746 amieis:
1250 1695 1335 1765 quos

161 1815 248 1886 ruga
271 1790 277 1895 Ι
301 1802 329 1887 t,
362 1803 402 1867 ut
437 1796 528 1887 quod
563 1798 614 1867 eis
649 1805 802 1888 superat,
840 1801 913 1871 suis
937 1793 942 1900 Ι
967 1800 1096 1872 donent
1131 1801 1253 1891 gratis,
1291 1820 1336 1871 ne

162 1921 315 1992 vendant
339 1914 344 2016 Ι
368 1927 396 1992 t.
415 1922 529 1992 vitent
555 1921 711 1992 homines
738 1943 872 2015 avaros,
902 1925 992 1997 auda
1016 1917 1021 2024 Ι
1045 1945 1115 2015 cen,
1138 1945 1336 1996 monumen·

160 2054 274 2116 torum
299 2041 304 2143 Ι
329 2045 528 2136 sacrilegus,
548 2066 611 2134 per
630 2066 716 2134 quos
741 2048 746 2136 Ι
771 2047 921 2120 decessis
939 2071 1125 2139 numquam
1150 2043 1156 2147 Ι
1180 2049 1334 2138 requies-

163 2191 241 2240 cere
269 2170 363 2241 licet.
389 2171 394 2260 Ι
420 2169 486 2240 diis
512 2169 670 2240 manibus
697 2191 843 2244 sacrum.
869 2175 874 2265 Ι
898 2175 1012 2264 humu,
1040 2173 1173 2246 violare
1201 2172 1285 2264 noli,
1305 2172 1336 2243 si

161 2300 199 2364 te
222 2290 229 2390 Ι
252 2295 458 2366 moriturum
476 2297 593 2384 putas!
620 2287 625 2393 Ι

122 2470 228 2529 titulus
247 2469 319 2528 licet
340 2487 431 2543 prosa
458 2471 592 2530 oratione
620 2471 660 2530 sit
685 2469 874 2543 compositus,
901 2468 994 2528 multa
1021 2472 1120 2528 tumen
1147 2484 1183 2527 ex
1210 2467 1338 2541 poeticis

58 2558 199 2632 decerpta
217 2575 282 2618 esse
301 2563 436 2631 apparet.

123 2652 153 2709 4.
173 2643 246 2708 heae
264 2643 396 2708 meritus
414 2649 594 2718 concessiva
643 2649 691 2705 12.
710 2643 849 2723 requiese
868 2645 873 2721 Ι
892 2647 928 2705 at
946 2646 1031 2719 lapis3
1058 2641 1166 2707 medtis
1183 2661 1231 2725 pr.
1258 2646 1289 2704 et
1307 2662 1337 2706 a.

58 2743 241 2810 repetuntur,
268 2753 326 2810 quo
355 2736 496 2794 maiorem
525 2736 584 2793 vim
611 2734 750 2812 habeant,
768 2751 845 2809 quae
863 2741 1035 2808 sequuntur3
1092 2736 1141 2795 lu.
1167 2729 1337 2812 saariloyos

58 2824 142 2899 lapis:
160 2843 220 2886 non
239 2825 359 2896 mutavi3
408 2828 457 2886 16.
475 2820 498 2885 d
515 2839 545 2884 m
562 2839 580 2885 s
599 2823 636 2882 ad
654 2823 741 2884 finem
760 2825 841 2883 tituli
859 2829 1004 2883 remotum
1022 2823 1206 2883 rarissimum
1227 2828 1281 2896 est,
1300 2821 1337 2884 cf.

61 2909 193 2993 Guqnut,
212 2914 305 2975 (lours
324 2914 399 2988 rep.
418 2913 464 2975 ed.
484 2918 514 2986 2,
532 2930 561 2986 p.
581 2916 654 2974 246.

59 3251 108 3323 VI
139 3255 241 3324 9752
270 3252 382 3323 Roma
661 3145 749 3215 869·

60 3396 92 3485 a)
165 3395 196 3465 si
215 3415 283 3484 qua
301 3401 416 3465 tamen
434 3393 547 3482 pietas
564 3391 698 3482 gelidos
716 3397 833 3463 movet
850 3392 981 3463 rustica
997 3389 1164 3484 m[aues],
1193 3464 1202 3481 ,

273 3539 394 3608 rumpe
412 3537 539 3605 moras,
561 3516 664 3610 [quae
684 3515 1047 3610 spess]0laestmil1i
1066 3515 1180 3605 gratia
1200 3513 1338 3607 [vitae]

126 3696 303 3770 supplerunt
318 3695 441 3754 Henzen
460 3693 598 3754 Gravius.

126 3789 157 3846 2.
176 3801 248 3862 spes
264 3780 338 3845 haec
355 3779 442 3863 sJulu
461 3783 521 3855 Gr.;
543 3787 611 3841 ante
631 3799 698 3856 spes
718 3781 766 3841 GV
784 3782 858 3856 legit
875 3781 1023 3856 Ligurius,
1052 3798 1110 3855 quo
1132 3797 1203 3840 usus
1220 3780 1340 3855 paulum

59 3874 213 3946 inmutari
231 3873 398 3948 suppletam
415 3873 506 3932 hebet
524 3873 614 3931 etiam
632 3870 756 3932 Bonada
774 3872 804 3931 ll
822 3888 851 3945 p.
870 3874 945 3941 246,
963 3870 1076 3931 XXXI.

59 4126 94 4216 b)
167 4125 219 4198 M.
239 4124 337 4196 Iunio
355 4123 407 4195 M.
427 4122 452 4196 f.
472 4123 546 4194 Pal.
567 4121 657 4194 Rufo
683 4114 689 4222 Ι
712 4122 913 4195 Soterichus
938 4119 1186 4211 paedagogms)
1204 4117 1288 4190 feeit
1311 4111 1318 4218 Ι

276 4248 343 4320 hae
361 4253 442 4320 sunt
460 4268 588 4338 parvae
606 4254 687 4319 tuae
705 4267 869 4336 meaeque
887 4245 996 4336 sedes,

275 4373 361 4444 haec
379 4376 475 4443 certa
493 4377 547 4442 est
564 4371 696 4464 dumus,
716 4371 801 4443 haec
819 4368 962 4441 colenda
979 4368 1091 4458 uobis,

275 4497 361 4568 haec
379 4502 444 4585 est,
464 4515 565 4585 quem
583 4495 671 4565 mihi
688 4493 853 4566 suscitavi
872 4493 983 4564 rivus.

130 4677 159 4735 3.
178 4687 267 4750 quem
284 4672 368 4746 lapis:
387 4689 446 4732 non
463 4672 584 4744 mutavi3
610 4675 692 4732 l-3
713 4669 750 4735 cr
768 4673 819 4744 Vl,
838 4673 933 4731 9583.
