3254 5408
712 330 924 400 „39-

176 530 330 603 mutabile,
357 529 395 590 cf.
425 526 519 592 Riese
547 531 584 590 ad
605 532 711 593 CatuII.
732 536 760 607 8,
782 537 820 592 15
841 533 881 610 (p.
904 534 966 610 19);
1013 539 1109 597 6-7.
1129 543 1229 609 sperat
1255 535 1321 598 fort
1350 541 1457 599 mulier

174 619 274 677 virum
298 620 423 678 alteram
451 637 572 680 uxorem
601 638 660 680 uon
688 621 852 695 ducturum,
872 621 909 683 cf.
928 623 1005 696 VIII,
1028 627 1143 696 167373
1172 632 1339 699 exspectem
1360 644 1456 704 prae-

173 709 239 767 stet
258 714 288 767 et
295 703 402 787 fidem.

789 891 850 960 93.

175 1008 230 1078 VI
261 1011 388 1082 12652
418 1011 527 1082 Roma
622 971 623 975 Ἴ

284 1153 472 1242 Admetus,
492 1153 666 1243 Pamphili
691 1147 696 1252 1
721 1154 774 1226 Τ1.
796 1154 954 1226 Caesaris
967 1155 1058 1246 Aug.
1074 1156 1097 1227 l.
1114 1157 1152 1246 1.,
1179 1159 1184 1249 Ι
1207 1159 1456 1229 Anterotiauus

284 1277 352 1348 sibi
373 1284 408 1348 et
428 1277 591 1350 Claudiae
610 1278 831 1349 Homouocae
852 1270 859 1376 Ι
879 1279 1092 1352 conlibertae
1111 1289 1147 1351 et
1167 1273 1172 1381 Ι
1192 1282 1429 1353 contubernali
1449 1273 1455 1380 1

499 1419 572 1478 dicit
589 1420 774 1478 Homonoea:
835 1449 837 1455 ·

282 1533 335 1617 tu,
355 1528 415 1617 qui
435 1547 556 1599 secura
573 1528 730 1618 procedis
749 1537 874 1618 mente,
894 1550 1080 1620 parumper
1135 1601 1136 1604 ,

391 1652 476 1723 siste
495 1652 650 1741 gradum,
671 1672 809 1740 quaeso,
829 1653 1004 1742 verbaque
1022 1675 1133 1745 pauca
1151 1655 1243 1744 lege:

175 1790 193 1839 5
283 1775 346 1846 illa
364 1797 440 1865 ego,
462 1797 552 1865 quae
572 1775 674 1847 claris
692 1775 825 1848 fueram
844 1777 1002 1866 praelata
1018 1779 1155 1870 puellis,

390 1901 455 1970 hoc
474 1901 673 1972 Homonoea
692 1900 792 1970 brevi
810 1901 950 1972 condita
968 1922 1042 1972 sum
1060 1903 1205 1993 tumulo,

283 2026 339 2096 cui
357 2023 501 2096 formam
520 2025 665 2113 Paphie,
686 2024 845 2097 Charites
863 2024 1018 2095 tribuere
1036 2026 1204 2126 decorem,

390 2170 492 2237 quam
510 2148 626 2220 Pallas
646 2149 779 2219 cunctis
797 2148 929 2219 artibus
948 2148 1088 2220 erudiit.

285 2272 434 2343 nondum
451 2273 505 2342 bis
525 2272 629 2342 denos
648 2279 743 2343 aetas
761 2293 838 2343 mea
855 2272 992 2344 uiderat
1009 2294 1131 2344 annos:

176 2412 212 2462 10
390 2398 539 2467 iniecere
557 2416 678 2467 manus
697 2396 816 2468 invida
834 2396 906 2468 lata
923 2397 1024 2469 milri!

283 2543 346 2593 nec
364 2543 426 2611 pro
445 2543 498 2592 me
518 2542 645 2610 queror
663 2521 738 2591 hoc:
759 2528 869 2592 morte
889 2528 942 2592 est
961 2521 1045 2591 mihi
1063 2523 1199 2592 tristior
1216 2523 1294 2611 ipsa

389 2667 524 2717 maeror
542 2646 688 2717 Atimeti
707 2646 862 2734 coniugis
881 2645 941 2717 ille
959 2646 1042 2716 mei!

496 2785 657 2859 respondet
674 2785 782 2844 viator:
859 2839 860 2843 ,

283 2892 330 2962 sit
348 2891 414 2962 tibi
432 2899 527 2963 terra
545 2893 645 2981 levis,
665 2892 791 2962 mulier
809 2891 1011 2981 dIgnissima
1028 2893 1114 2980 vita,

390 3038 545 3106 quaeque
564 3018 634 3087 tuis
654 3016 734 3087 olim
752 3015 972 3106 perfruerere
990 3016 1104 3087 bonis!

498 3157 571 3216 dicit
587 3158 747 3216 Atimetus:

175 3281 210 3330 15
284 3266 314 3336 si
333 3286 479 3354 pensare
499 3265 629 3335 animas
649 3264 804 3334 sinerent
821 3263 975 3334 crudelia
992 3262 1076 3353 fata,

391 3396 426 3459 et
444 3395 562 3478 posset
580 3389 704 3459 redimi
722 3395 832 3458 morte
852 3388 964 3458 aliena
983 3387 1087 3480 salus,

283 3514 594 3602 quantulacumque
612 3534 709 3584 meae
728 3513 897 3584 debentur
915 3520 1072 3603 tempora
1089 3514 1193 3600 vitae,

389 3657 588 3726 pensassem
605 3658 669 3727 pro
689 3644 735 3726 te,
756 3658 837 3709 cara
854 3638 1064 3726 Homonoea‚
1084 3637 1210 3708 libens!

284 3766 321 3833 at
338 3782 440 3852 nunc,
461 3761 557 3850 quod
569 3782 719 3851 possum,
740 3760 871 3850 fuglam
889 3760 1067 3849 lucemque
1087 3761 1246 3848 deosque,

169 3903 211 3954 ao
391 3892 430 3955 ut
447 3891 483 3955 te
503 3892 639 3956 matura
656 3906 719 3975 per
740 3885 850 3974 Styga
867 3891 977 3957 morte
997 3906 1133 3974 sequar.

497 4026 656 4099 respondet
674 4027 859 4086 Homonoea:

282 4154 386 4223 parce
404 4141 511 4224 tuam,
533 4134 667 4222 coniux,
687 4131 770 4216 lietu
790 4153 954 4222 quassare
972 4133 1157 4220 iuventam,

390 4256 530 4346 lataque
548 4257 730 4328 maerendo
750 4257 938 4328 sollicitare
956 4259 1047 4326 mea!

283 4382 334 4452 nil
351 4388 497 4472 prosunt
515 4381 678 4452 lacrimae
697 4401 760 4452 nec
778 4387 922 4469 possunt
940 4378 1013 4450 fata
1030 4380 1176 4466 moveri3

390 4505 552 4575 viximus!
573 4504 629 4574 hic
648 4505 756 4574 omnis
774 4505 888 4578 cultus
906 4524 994 4573 unus
1012 4503 1132 4575 habet!

157 4643 211 4695 ‚aa
283 4632 401 4720 parce!
423 4629 474 4698 ita
492 4650 559 4698 non
579 4649 727 4717 unquam
746 4628 892 4699 similem
910 4628 1090 4717 experiare
1109 4626 1273 4716 dolorem,
