3254 5408
482 362 485 367 ’
601 367 813 434 -93-

670 615 759 682 214.
848 678 854 690 ,

58 734 152 806 VIII
184 733 341 806 12702t
369 733 544 824 Carthago

172 894 226 964 dis
244 915 334 964 man.
356 915 423 966 sac.
451 889 456 989 Ι
480 895 645 966 Miniciae
674 895 823 983 Primae,
849 915 936 982 quae
955 895 1044 964 vixit
1069 888 1074 993 Ι
1099 896 1198 966 annis
1215 896 1346 989 XXVI,

171 1017 400 1089 Nicodromus
418 1019 511 1108 Aug.
538 1015 542 1115 Ι
567 1019 645 1108 plae
665 1025 700 1088 et
717 1019 804 1088 bene
824 1019 971 1088 merenti
989 1020 1090 1089 uxori
1109 1017 1192 1090 lecit
1216 1012 1221 1118 Ι

170 1143 284 1230 prIma
302 1148 417 1214 aetate
435 1149 497 1214 tua
514 1148 616 1232 rapta
634 1164 682 1233 es,
702 1143 886 1213 karissima
904 1143 1067 1213 coniunx:

278 1268 376 1337 aunis
395 1267 449 1337 bis
469 1267 567 1338 denis
586 1274 621 1337 et
641 1288 700 1338 sex
720 1267 785 1337 tibi
805 1268 879 1338 vita
896 1267 1043 1356 probata
1062 1273 1126 1338 est.

170 1390 281 1461 Roma
299 1391 364 1461 tibi
384 1411 493 1480 genus
512 1398 577 1481 est,
598 1390 708 1462 fatum
727 1390 805 1479 fuit,
826 1399 866 1461 ut
884 1391 992 1480 Libys
1012 1411 1121 1479 esses;

278 1515 414 1586 duceris
433 1515 477 1586 ad
495 1515 653 1606 Stygiam
672 1536 762 1585 nunc
780 1514 977 1586 miseranda
995 1521 1117 1586 ratem.

172 1640 276 1728 inque
294 1645 356 1709 tuo
374 1640 489 1710 trIstis
507 1647 667 1711 versatur
684 1645 824 1729 pectore
843 1639 967 1727 Lethe,

277 1772 402 1835 utnon
421 1784 606 1854 cognoscas
625 1786 691 1856 me,
711 1763 918 1854 miseranda,
939 1764 1046 1852 pium.

169 1910 293 1958 munus
312 1895 400 1979 erat,
420 1888 589 1979 Fortuna,
609 1895 708 1959 tuum
728 1909 868 1959 servare
887 1887 1058 1976 pudicam,

63 2029 95 2078 10
277 2019 312 2083 01
330 2020 469 2102 poteras
489 2012 607 2083 ambos
626 2012 749 2084 Italiae
770 2012 853 2083 dare
872 2019 922 2082 tu.

171 2158 191 2207 a
210 2136 329 2206 multis
347 2134 431 2206 fletu
450 2137 682 2227 renovaberis,
705 2157 724 2206 o
743 2137 844 2226 bona,
865 2136 1021 2226 simplex,

276 2281 353 2331 cum
371 2268 406 2330 te
426 2261 461 2330 in
480 2266 664 2350 conspectu
683 2281 751 2330 non
770 2261 916 2331 habeam
934 2262 1106 2331 comitem.

128 2471 153 2530 B
176 2474 270 2542 11873
310 2477 358 2532 11.
378 2473 577 2533 renovaveris.

128 2564 158 2620 4.
178 2561 370 2633 archetypum
390 2560 447 2619 fuit
465 2560 528 2620 fere
548 2562 617 2620 hoc:

277 2704 362 2762 aunis
382 2704 427 2762 bis
447 2704 529 2762 denis
548 2705 610 2762 vita
628 2703 754 2776 probata
771 2702 826 2761 tibi
846 2707 899 2773 est,

127 2841 204 2913 quod
224 2859 290 2901 cum
310 2844 348 2903 ad
366 2845 512 2904 hominem
532 2844 771 2904 adcommodaret
789 2845 928 2902 carmiuis
948 2850 1058 2915 auctor,
1077 2843 1286 2916 pessumdedit,
1300 2845 1342 2902 ita

61 2936 162 2989 temen
182 2937 214 2988 ut
231 2932 402 2992 hexameter
422 2933 558 2993 evaserit.
585 2932 823 2992 hexametrorum
852 2932 997 3006 capitibus
1021 2932 1150 2992 eflicitur
1169 2933 1342 2992 acrostichis

60 3015 182 3091 Prima,
201 3020 239 3078 ad
258 3022 336 3094 quod
354 3039 460 3082 nomen
479 3022 594 3081 adludit
612 3024 702 3081 etiem
721 3039 748 3082 v.
769 3025 786 3081 3
807 3022 871 3081 init.

55 3376 146 3448 VIII
179 3377 302 3445 12881
335 3372 509 3461 Carthago
665 3270 752 3337 215·

167 3536 209 3606 L.
230 3534 372 3623 Magius
394 3588 401 3602 .
425 3589 432 3603 .
456 3588 463 3603 .
486 3530 668 3624 [Lac]erta
692 3524 697 3630 Ι
721 3532 800 3621 pius
828 3532 916 3601 vixit
944 3552 1022 3602 auu.
1052 3530 1130 3602 Lll.
1155 3531 1190 3601 h.
1211 3552 1238 3602 e.
1259 3538 1313 3602 est
1336 3524 1342 3628 Ι

166 3659 286 3748 Magia
318 3657 461 3746 Chrysis
494 3677 581 3726 uxor
613 3658 688 3726 viro
729 3662 858 3745 sancto,
889 3649 895 3753 Ι
928 3655 1239 3746 indulgentissimo,
1274 3676 1336 3746 pro

167 3784 304 3854 meritis
322 3781 406 3853 fecit
431 3777 436 3873 Ι

165 3929 242 3980 cum
260 3928 328 3996 quo
347 3907 446 3994 vixit,
467 3905 646 3975 maledixit
664 3905 750 3974 mihi
768 3925 964 3992 numquam,

164 4030 307 4101 offendit
326 4053 380 4101 me
400 4051 592 4119 nuncquam
611 4051 673 4101 nec
693 4028 802 4098 ullum
821 4028 937 4099 alium.

125 4247 155 4303 2,
194 4244 231 4302 io.

123 4261 226 4390 110οἷ10
255 4347 293 4389 an
321 4331 473 4389 trimetros
501 4330 644 4388 iambicos
672 4336 705 4386 ut
728 4327 850 4401 laceret,
869 4328 899 4385 iu
919 4327 1046 4385 animum
1075 4325 1225 4386 induxerit
1251 4334 1338 4399 poeta

47 4427 168 4482 noster.

124 4515 153 4568 4.
172 4509 273 4567 malim
292 4503 366 4578 oica
386 4507 498 4566 erravit
515 4505 642 4565 fortasse
662 4505 878 4579 quadratarius,
893 4505 971 4578 quod
990 4521 1060 4563 sane
1080 4505 1264 4563 tolerabilius
1284 4510 1337 4575 est,

47 4615 145 4674 quam
165 4614 225 4674 quo
243 4593 325 4656 uixit
342 4597 453 4654 rustico
473 4611 607 4654 sermone
628 4596 739 4654 dictum
759 4595 854 4667 accipi
873 4612 927 4667 pro
946 4590 1089 4664 00001011,
1108 4594 1155 4652 vel
1174 4593 1248 4651 adeo
1272 4608 1339 4653 cum

45 4703 115 4768 quo
131 4703 188 4760 pro
207 4682 262 4764 qai
279 4680 361 4762 qaod
378 4684 554 4762 t=quoad).
601 4751 603 4754 v
