3254 5408
710 354 922 424 -526-

242 572 270 628 4.
291 565 375 627 deest
392 557 586 641 pentameter,
604 566 654 643 qui
672 566 755 625 varie
774 566 919 640 expletur,
938 570 978 624 ut·

388 655 442 715 illa
461 654 573 728 eadem,
596 655 686 714 vitem
706 671 782 728 quae
799 655 927 732 inchoat,
945 654 1020 714 hore
1037 653 1123 727 rapit,
1148 652 1309 733 (Mor-ales)

388 745 592 908 ipsaqumemta
610 849 681 891 suae
700 833 813 892 semina
831 831 933 891 mortis
951 831 1049 905 habet,
1067 831 1275 909 (Hernandez)

243 926 271 984 2.
290 920 327 983 ef.
345 921 398 1004 XI,
419 925 514 995 32733
562 925 589 983 3.
600 919 637 983 cf.
647 921 685 999 11,
700 925 794 992 1413;
804 937 907 981 versus
921 925 1055 996 sumptus
1068 937 1106 981 ex
1123 921 1228 982 Manil.
1247 921 1331 982 Astr.
1349 922 1397 997 iv,
1409 926 1451 984 16.

766 1174 878 1244 1285.

173 1295 516 1369 1113247=8003
548 1295 724 1368 Tibiscum

756 1419 779 1490 d
832 1439 866 1490 m

279 1551 375 1617 terra
391 1549 488 1616 tenet
507 1563 645 1637 corpus,
664 1564 788 1617 nomen
806 1543 907 1636 lapis,
926 1497 1036 1635 atque
1049 1544 1198 1616 animam
1216 1564 1294 1616 aer:

385 1689 488 1759 quarn
507 1667 632 1739 melius
650 1666 784 1762 fner[et
802 1689 869 1739 non
886 1669 1064 1759 peperisse
1083 1668 1179 1762 tibi]l

241 1937 270 1994 2.
288 1930 326 1994 ot.
344 1843 515 2006 ΧΙῗ3ι9ξζῖ
542 1935 570 1992 3.
590 1933 735 2007 supplevi
754 1933 792 1992 ad
811 1938 885 1994 sent.
903 1931 939 1994 ci.
958 1934 996 2007 11,
1016 1934 1111 2005 34753
1130 1934 1209 2012 VIII,
1230 1937 1351 2008 11108;
1369 1936 1446 1995 datur

173 2028 203 2084 et
220 2038 282 2084 non
299 2022 409 2082 cotom
427 2037 494 2083 esse
511 2016 588 2082 mili
606 2022 680 2096 sim,
698 2023 746 2081 rel
765 2022 843 2096 quod
860 2021 943 2082 dedit
960 2022 1065 2088 limos
1083 2017 1223 2100 tetipasee
1240 2019 1350 2086 solem

763 2273 877 2343 1286.

170 2376 222 2449 III
254 2379 380 2449 11036
408 2376 569 2466 Brigetio

278 2518 468 2612 Valerius)
488 2518 637 2593 Ursinus
656 2518 872 2611 ducenarius,
893 2541 913 2609 q
939 2513 945 2619 Ι
969 2521 1006 2590 61
1025 2520 1113 2592 vixit
1131 2539 1209 2591 eun.
1222 2518 1327 2593 XXV
1346 2543 1393 2595 m.
1405 2522 1453 2594 Ill

278 2643 353 2716 dies
371 2642 405 2715 V
426 2695 622 2717 .......

384 2768 492 2839 vivite
511 2765 641 2858 felices,
662 2767 788 2858 quibus
807 2774 861 2839 est
879 2765 1019 2840 fortune
1036 2767 1153 2840 beata!

237 3037 267 3096 2.
285 2945 410 3113 66166ιέ
430 2947 518 3108 160616
545 3033 658 3093 similes
686 3035 847 3093 sententias
874 3033 1024 3108 congessit
1051 3031 1216 3093 Buecheler
1251 3033 1284 3093 in
1322 3034 1456 3111 Corpore

170 3123 209 3184 ed
226 3124 271 3184 tit

743 3304 888 3375 12866.

168 3406 202 3480 V
234 3410 332 3481 1703
361 3406 529 3499 Aquileia

256 3549 287 3608 in
304 3550 435 3608 carmine
453 3549 616 3609 christiano
636 3548 791 3624 desumpta
814 3555 859 3609 eat
876 3565 913 3608 ex
931 3549 1090 3624 gentilibus
1109 3549 1257 3610 sententia
1274 3548 1362 3611 haec:

275 3654 336 3726 sed
354 3676 421 3744 quo
440 3653 513 3726 feta
531 3661 666 3747 vocant,
687 3656 804 3726 nullus
822 3658 986 3727 resistere
1004 3658 1125 3746 possit.

168 4024 202 4096 V
234 4026 333 4098 1939
364 4024 555 4098 Concordia
750 4131 773 4202 d

827 4153 860 4202 rn

273 4255 485 4346 «Primitiva,
505 4256 622 4328 have».
643 4262 679 4327 et
698 4262 748 4346 tu,
769 4256 926 4348 quisquis
945 4276 994 4347 es,
1014 4255 1107 4328 valel

273 4399 341 4451 non
358 4379 505 4470 fueram,
525 4399 593 4450 non
612 4399 698 4470 sum,
719 4381 845 4471 nescio,
866 4401 934 4452 non
953 4379 1069 4451 adme
1087 4379 1281 4472 pertimet).

485 4503 645 4578 Alexand
669 4499 675 4602 Ι
702 4503 771 4599 [er]
792 4509 889 4576 actor
906 4505 1045 4594 coniugi
1063 4503 1138 4576 kar.

235 4680 263 4739 2.
283 4680 312 4738 3.
332 4679 414 4738 color
431 4680 583 4755 iambicus
604 4679 640 4745 cf.
659 4681 695 4743 B.
712 4680 750 4743 ad
767 4698 795 4742 6.
815 4685 888 4743 247.
