<?xml version="1.0" encoding="UTF-8"?>
<!DOCTYPE html PUBLIC "-//W3C//DTD XHTML 1.0 Transitional//EN"
    "http://www.w3.org/TR/xhtml1/DTD/xhtml1-transitional.dtd">
<html xmlns="http://www.w3.org/1999/xhtml" xml:lang="en" lang="en">
 <head>
  <title>
</title>
<meta http-equiv="Content-Type" content="text/html;charset=utf-8" />
  <meta name='ocr-system' content='tesseract 3.04.00' />
  <meta name='ocr-capabilities' content='ocr_page ocr_carea ocr_par ocr_line ocrx_word'/>
</head>
<body>
  <div class='ocr_page' id='page_1' title='image "./carminasepulcra00cholgoog/carminasepulcra00cholgoog_0457.png"; bbox 0 0 3254 5408; ppageno 0'>
   <div class='ocr_carea' id='block_1_1' title="bbox 599 349 814 419">
    <p class='ocr_par' dir='ltr' id='par_1_1' title="bbox 599 349 814 419">
     <span class='ocr_line' id='line_1_1' title="bbox 599 349 814 419; baseline 0 0"><span class='ocrx_word' id='word_1_1' title='bbox 599 349 814 419; x_wconf 84' lang='lat'>-453—</span> 
     </span>
    </p>
   </div>
   <div class='ocr_carea' id='block_1_2' title="bbox 57 635 770 810">
    <p class='ocr_par' dir='ltr' id='par_1_2' title="bbox 57 635 770 810">
     <span class='ocr_line' id='line_1_2' title="bbox 657 635 770 704; baseline -0.009 -2"><span class='ocrx_word' id='word_1_2' title='bbox 657 635 770 704; x_wconf 85' lang='lat'><strong>1092.</strong></span> 
     </span>
     <span class='ocr_line' id='line_1_3' title="bbox 57 737 386 810; baseline -0.006 -1"><span class='ocrx_word' id='word_1_3' title='bbox 57 737 115 809; x_wconf 90' lang='lat' dir='ltr'>VI</span> <span class='ocrx_word' id='word_1_4' title='bbox 146 740 245 809; x_wconf 82' lang='lat'>1819</span> <span class='ocrx_word' id='word_1_5' title='bbox 275 738 386 810; x_wconf 87' lang='lat' dir='ltr'>Roma</span> 
     </span>
    </p>
   </div>
   <div class='ocr_carea' id='block_1_3' title="bbox 171 891 1347 1218">
    <p class='ocr_par' dir='ltr' id='par_1_3' title="bbox 171 891 1347 1218">
     <span class='ocr_line' id='line_1_4' title="bbox 171 891 1347 1001; baseline 0.004 -33"><span class='ocrx_word' id='word_1_6' title='bbox 171 896 213 969; x_wconf 89' lang='lat' dir='ltr'>L.</span> <span class='ocrx_word' id='word_1_7' title='bbox 232 897 387 969; x_wconf 89' lang='lat' dir='ltr'>Naevius</span> <span class='ocrx_word' id='word_1_8' title='bbox 405 895 448 967; x_wconf 89' lang='lat' dir='ltr'>L.</span> <span class='ocrx_word' id='word_1_9' title='bbox 469 895 494 968; x_wconf 93' lang='grc'>1.</span> <span class='ocrx_word' id='word_1_10' title='bbox 513 896 674 970; x_wconf 88' lang='lat' dir='ltr'>Urbanus</span> <span class='ocrx_word' id='word_1_11' title='bbox 699 891 705 996; x_wconf 97' lang='grc' dir='ltr'>Ι</span> <span class='ocrx_word' id='word_1_12' title='bbox 729 918 794 969; x_wconf 92' lang='lat' dir='ltr'>scr.</span> <span class='ocrx_word' id='word_1_13' title='bbox 816 897 896 969; x_wconf 89' lang='lat' dir='ltr'><strong>libr.</strong></span> <span class='ocrx_word' id='word_1_14' title='bbox 922 900 1140 989; x_wconf 82' lang='lat' dir='ltr'>quaestorius</span> <span class='ocrx_word' id='word_1_15' title='bbox 1164 893 1170 1001; x_wconf 99' lang='grc' dir='ltr'>Ι</span> <span class='ocrx_word' id='word_1_16' title='bbox 1196 901 1347 973; x_wconf 89' lang='lat' dir='ltr'>ctribus</span> 
     </span>
     <span class='ocr_line' id='line_1_5' title="bbox 171 1015 815 1121; baseline -0.005 -27"><span class='ocrx_word' id='word_1_17' title='bbox 171 1022 322 1094; x_wconf 91' lang='lat' dir='ltr'>decuriis</span> <span class='ocrx_word' id='word_1_18' title='bbox 346 1015 351 1120; x_wconf 95' lang='grc' dir='ltr'>Ι</span> <span class='ocrx_word' id='word_1_19' title='bbox 376 1020 567 1092; x_wconf 90' lang='lat' dir='ltr'>minoribus</span> <span class='ocrx_word' id='word_1_20' title='bbox 585 1021 629 1093; x_wconf 87' lang='lat' dir='ltr'>ab</span> <span class='ocrx_word' id='word_1_21' title='bbox 649 1022 784 1093; x_wconf 85' lang='lat' dir='ltr'>aerario</span> <span class='ocrx_word' id='word_1_22' title='bbox 808 1015 815 1121; x_wconf 92' lang='grc' dir='ltr'>Ι</span> 
     </span>
     <span class='ocr_line' id='line_1_6' title="bbox 277 1145 723 1218; baseline -0.002 0"><span class='ocrx_word' id='word_1_23' title='bbox 277 1146 350 1218; x_wconf 83' lang='lat' dir='ltr'>vixi</span> <span class='ocrx_word' id='word_1_24' title='bbox 369 1146 498 1217; x_wconf 88' lang='lat' dir='ltr'>iudicio</span> <span class='ocrx_word' id='word_1_25' title='bbox 517 1146 591 1217; x_wconf 89' lang='lat' dir='ltr'>sine</span> <span class='ocrx_word' id='word_1_26' title='bbox 609 1145 723 1217; x_wconf 90' lang='lat' dir='ltr'>iudice</span> 
     </span>
    </p>
   </div>
   <div class='ocr_carea' id='block_1_4' title="bbox 134 1356 746 1431">
    <p class='ocr_par' dir='ltr' id='par_1_4' title="bbox 134 1356 746 1431">
     <span class='ocr_line' id='line_1_7' title="bbox 134 1356 746 1431; baseline -0.002 -13"><span class='ocrx_word' id='word_1_27' title='bbox 134 1362 162 1419; x_wconf 88' lang='lat'>3.</span> <span class='ocrx_word' id='word_1_28' title='bbox 181 1357 342 1417; x_wconf 86' lang='lat' dir='ltr'>decurrunt</span> <span class='ocrx_word' id='word_1_29' title='bbox 360 1356 471 1431; x_wconf 82' lang='lat' dir='ltr'>dactyli</span> <span class='ocrx_word' id='word_1_30' title='bbox 489 1357 591 1417; x_wconf 86' lang='lat' dir='ltr'>nescio</span> <span class='ocrx_word' id='word_1_31' title='bbox 610 1374 648 1416; x_wconf 85' lang='lat' dir='ltr'>an</span> <span class='ocrx_word' id='word_1_32' title='bbox 666 1373 746 1417; x_wconf 86' lang='lat' dir='ltr'>casn.</span> 
     </span>
    </p>
   </div>
   <div class='ocr_carea' id='block_1_5' title="bbox 61 1627 771 1805">
    <p class='ocr_par' dir='ltr' id='par_1_5' title="bbox 61 1627 771 1805">
     <span class='ocr_line' id='line_1_8' title="bbox 656 1627 771 1697; baseline 0.017 -2"><span class='ocrx_word' id='word_1_33' title='bbox 656 1627 771 1697; x_wconf 85' lang='grc'><strong>1093.</strong></span> 
     </span>
     <span class='ocr_line' id='line_1_9' title="bbox 61 1731 390 1805; baseline -0.012 0"><span class='ocrx_word' id='word_1_34' title='bbox 61 1732 114 1805; x_wconf 89' lang='lat' dir='ltr'>Vl</span> <span class='ocrx_word' id='word_1_35' title='bbox 145 1734 248 1805; x_wconf 83' lang='lat'>5534</span> <span class='ocrx_word' id='word_1_36' title='bbox 277 1731 390 1805; x_wconf 88' lang='lat' dir='ltr'>Roma</span> 
     </span>
    </p>
   </div>
   <div class='ocr_carea' id='block_1_6' title="bbox 62 1887 1103 2600">
    <p class='ocr_par' dir='ltr' id='par_1_6' title="bbox 62 1887 1103 2600">
     <span class='ocr_line' id='line_1_10' title="bbox 172 1887 1103 1981; baseline -0.003 -18"><span class='ocrx_word' id='word_1_37' title='bbox 172 1890 315 1963; x_wconf 75' lang='lat' dir='ltr'>Calliste</span> <span class='ocrx_word' id='word_1_38' title='bbox 333 1888 420 1961; x_wconf 93' lang='lat' dir='ltr'>mihi</span> <span class='ocrx_word' id='word_1_39' title='bbox 438 1908 562 1959; x_wconf 88' lang='lat' dir='ltr'>nomen</span> <span class='ocrx_word' id='word_1_40' title='bbox 580 1895 668 1981; x_wconf 87' lang='lat' dir='ltr'>erat,</span> <span class='ocrx_word' id='word_1_41' title='bbox 688 1888 780 1979; x_wconf 88' lang='lat' dir='ltr'>quod</span> <span class='ocrx_word' id='word_1_42' title='bbox 797 1887 908 1960; x_wconf 82' lang='lat' dir='ltr'>fo&#39;rma</span> <span class='ocrx_word' id='word_1_43' title='bbox 925 1887 1103 1980; x_wconf 84' lang='lat' dir='ltr'>probavit3</span> 
     </span>
     <span class='ocr_line' id='line_1_11' title="bbox 277 2012 1059 2103; baseline -0.001 -18"><span class='ocrx_word' id='word_1_44' title='bbox 277 2033 388 2085; x_wconf 88' lang='lat' dir='ltr'>annus</span> <span class='ocrx_word' id='word_1_45' title='bbox 406 2018 447 2083; x_wconf 93' lang='lat' dir='ltr'>ut</span> <span class='ocrx_word' id='word_1_46' title='bbox 465 2012 616 2102; x_wconf 76' lang='lat' dir='ltr'><strong>accedat,</strong></span> <span class='ocrx_word' id='word_1_47' title='bbox 637 2018 692 2084; x_wconf 86' lang='lat' dir='ltr'>ter</span> <span class='ocrx_word' id='word_1_48' title='bbox 708 2013 794 2083; x_wconf 91' lang='lat' dir='ltr'>mihi</span> <span class='ocrx_word' id='word_1_49' title='bbox 812 2013 953 2103; x_wconf 89' lang='lat' dir='ltr'>quintus</span> <span class='ocrx_word' id='word_1_50' title='bbox 972 2018 1059 2085; x_wconf 86' lang='lat' dir='ltr'>erat.</span> 
     </span>
     <span class='ocr_line' id='line_1_12' title="bbox 171 2136 984 2229; baseline -0.001 -19"><span class='ocrx_word' id='word_1_51' title='bbox 171 2143 273 2229; x_wconf 83' lang='lat' dir='ltr'>grata</span> <span class='ocrx_word' id='word_1_52' title='bbox 291 2136 343 2208; x_wconf 87' lang='lat' dir='ltr'>fni</span> <span class='ocrx_word' id='word_1_53' title='bbox 361 2136 511 2227; x_wconf 89' lang='lat' dir='ltr'>domino,</span> <span class='ocrx_word' id='word_1_54' title='bbox 530 2136 668 2227; x_wconf 87' lang='lat' dir='ltr'>gemino</span> <span class='ocrx_word' id='word_1_55' title='bbox 686 2136 812 2210; x_wconf 82' lang='lat' dir='ltr'>dilecta</span> <span class='ocrx_word' id='word_1_56' title='bbox 829 2138 984 2229; x_wconf 88' lang='lat' dir='ltr'>parenti:</span> 
     </span>
     <span class='ocr_line' id='line_1_13' title="bbox 278 2260 1037 2353; baseline -0.004 -18"><span class='ocrx_word' id='word_1_57' title='bbox 278 2261 426 2353; x_wconf 85' lang='lat' dir='ltr'>septima</span> <span class='ocrx_word' id='word_1_58' title='bbox 443 2260 622 2352; x_wconf 84' lang='lat' dir='ltr'>languenti</span> <span class='ocrx_word' id='word_1_59' title='bbox 641 2282 840 2353; x_wconf 87' lang='lat' dir='ltr'>summaque</span> <span class='ocrx_word' id='word_1_60' title='bbox 858 2263 934 2333; x_wconf 83' lang='lat' dir='ltr'>visa</span> <span class='ocrx_word' id='word_1_61' title='bbox 952 2261 1037 2333; x_wconf 87' lang='lat' dir='ltr'>dies.</span> 
     </span>
     <span class='ocr_line' id='line_1_14' title="bbox 62 2382 1084 2477; baseline -0.004 -17"><span class='ocrx_word' id='word_1_62' title='bbox 62 2407 80 2460; x_wconf 81' lang='lat' dir='ltr'>s</span> <span class='ocrx_word' id='word_1_63' title='bbox 171 2406 275 2458; x_wconf 89' lang='lat' dir='ltr'>causa</span> <span class='ocrx_word' id='word_1_64' title='bbox 292 2385 381 2457; x_wconf 84' lang='lat' dir='ltr'>latet</span> <span class='ocrx_word' id='word_1_65' title='bbox 398 2382 478 2457; x_wconf 82' lang='lat' dir='ltr'>fati:</span> <span class='ocrx_word' id='word_1_66' title='bbox 498 2390 639 2477; x_wconf 84' lang='lat' dir='ltr'>partum</span> <span class='ocrx_word' id='word_1_67' title='bbox 658 2390 773 2458; x_wconf 86' lang='lat' dir='ltr'>tamen</span> <span class='ocrx_word' id='word_1_68' title='bbox 791 2407 866 2458; x_wconf 89' lang='lat' dir='ltr'>esse</span> <span class='ocrx_word' id='word_1_69' title='bbox 884 2386 1084 2477; x_wconf 82' lang='lat' dir='ltr'>loquantur:</span> 
     </span>
     <span class='ocr_line' id='line_1_15' title="bbox 278 2506 1095 2600; baseline -0.001 -20"><span class='ocrx_word' id='word_1_70' title='bbox 278 2508 339 2580; x_wconf 89' lang='lat' dir='ltr'>sed</span> <span class='ocrx_word' id='word_1_71' title='bbox 357 2528 593 2599; x_wconf 88' lang='lat' dir='ltr'>quaecumque</span> <span class='ocrx_word' id='word_1_72' title='bbox 613 2506 692 2600; x_wconf 89' lang='lat' dir='ltr'>luit,</span> <span class='ocrx_word' id='word_1_73' title='bbox 711 2514 783 2581; x_wconf 88' lang='lat' dir='ltr'>tam</span> <span class='ocrx_word' id='word_1_74' title='bbox 801 2509 870 2581; x_wconf 89' lang='lat' dir='ltr'>cito</span> <span class='ocrx_word' id='word_1_75' title='bbox 887 2530 956 2581; x_wconf 90' lang='lat' dir='ltr'>ncn</span> <span class='ocrx_word' id='word_1_76' title='bbox 973 2509 1095 2581; x_wconf 82' lang='lat' dir='ltr'>manui.</span> 
     </span>
    </p>
   </div>
   <div class='ocr_carea' id='block_1_7' title="bbox 60 2740 1347 2993">
    <p class='ocr_par' dir='ltr' id='par_1_7' title="bbox 60 2740 1347 2993">
     <span class='ocr_line' id='line_1_16' title="bbox 132 2740 1347 2906; baseline 0.001 -16"><span class='ocrx_word' id='word_1_77' title='bbox 132 2833 161 2891; x_wconf 84' lang='lat'>2.</span> <span class='ocrx_word' id='word_1_78' title='bbox 179 2740 302 2890; x_wconf 54' lang='lat' dir='ltr'>mortu?</span> <span class='ocrx_word' id='word_1_79' title='bbox 314 2742 432 2887; x_wconf 51' lang='lat' dir='ltr'>siggim</span> <span class='ocrx_word' id='word_1_80' title='bbox 451 2843 516 2887; x_wconf 85' lang='lat' dir='ltr'>essa</span> <span class='ocrx_word' id='word_1_81' title='bbox 534 2843 677 2887; x_wconf 89' lang='lat' dir='ltr'>annornm</span> <span class='ocrx_word' id='word_1_82' title='bbox 695 2828 774 2900; x_wconf 85' lang='lat' dir='ltr'>XIV3</span> <span class='ocrx_word' id='word_1_83' title='bbox 820 2832 850 2889; x_wconf 81' lang='lat'>4.</span> <span class='ocrx_word' id='word_1_84' title='bbox 878 2823 1042 2906; x_wconf 60' lang='lat' dir='ltr'>unguenti</span> <span class='ocrx_word' id='word_1_85' title='bbox 1064 2828 1136 2887; x_wconf 90' lang='lat' dir='ltr'>olim</span> <span class='ocrx_word' id='word_1_86' title='bbox 1154 2829 1277 2891; x_wconf 86' lang='lat' dir='ltr'>Henzen</span> <span class='ocrx_word' id='word_1_87' title='bbox 1295 2830 1347 2891; x_wconf 90' lang='lat' dir='ltr'>de·</span> 
     </span>
     <span class='ocr_line' id='line_1_17' title="bbox 60 2916 1346 2993; baseline 0 -14"><span class='ocrx_word' id='word_1_88' title='bbox 60 2919 195 2993; x_wconf 72' lang='lat' dir='ltr'>scripsic</span> <span class='ocrx_word' id='word_1_89' title='bbox 231 2935 307 2979; x_wconf 89' lang='lat' dir='ltr'>corr.</span> <span class='ocrx_word' id='word_1_90' title='bbox 338 2917 504 2977; x_wconf 78' lang='lat' dir='ltr'><strong>Mommsen</strong></span> <span class='ocrx_word' id='word_1_91' title='bbox 534 2916 709 2989; x_wconf 80' lang='lat' dir='ltr'>Buecheler,</span> <span class='ocrx_word' id='word_1_92' title='bbox 744 2932 798 2976; x_wconf 88' lang='lat' dir='ltr'>nec</span> <span class='ocrx_word' id='word_1_93' title='bbox 831 2917 908 2991; x_wconf 86' lang='lat' dir='ltr'>lapis</span> <span class='ocrx_word' id='word_1_94' title='bbox 937 2916 1040 2976; x_wconf 87' lang='lat' dir='ltr'>abnuit</span> <span class='ocrx_word' id='word_1_95' title='bbox 1066 2917 1174 2977; x_wconf 84' lang='lat' dir='ltr'>iterum</span> <span class='ocrx_word' id='word_1_96' title='bbox 1203 2920 1346 2993; x_wconf 67' lang='lat' dir='ltr'>conlatus</span> 
     </span>
    </p>
   </div>
   <div class='ocr_carea' id='block_1_8' title="bbox 61 3003 389 3086">
    <p class='ocr_par' dir='ltr' id='par_1_8' title="bbox 61 3003 389 3086">
     <span class='ocr_line' id='line_1_18' title="bbox 61 3003 389 3086; baseline -0.009 -17"><span class='ocrx_word' id='word_1_97' title='bbox 61 3010 94 3069; x_wconf 82' lang='lat'>5.</span> <span class='ocrx_word' id='word_1_98' title='bbox 112 3008 141 3069; x_wconf 90' lang='lat' dir='ltr'>h.</span> <span class='ocrx_word' id='word_1_99' title='bbox 161 3024 187 3070; x_wconf 88' lang='lat' dir='ltr'>e.</span> <span class='ocrx_word' id='word_1_100' title='bbox 205 3024 301 3069; x_wconf 81' lang='lat' dir='ltr'>causa</span> <span class='ocrx_word' id='word_1_101' title='bbox 309 3003 389 3086; x_wconf 84' lang='lat' dir='ltr'>fati.</span> 
     </span>
    </p>
   </div>
   <div class='ocr_carea' id='block_1_9' title="bbox 56 3240 770 3419">
    <p class='ocr_par' dir='ltr' id='par_1_9' title="bbox 56 3240 770 3419">
     <span class='ocr_line' id='line_1_19' title="bbox 656 3240 770 3309; baseline 0.018 -2"><span class='ocrx_word' id='word_1_102' title='bbox 656 3240 770 3309; x_wconf 89' lang='grc'><strong>1094.</strong></span> 
     </span>
     <span class='ocr_line' id='line_1_20' title="bbox 56 3344 386 3419; baseline -0.006 -1"><span class='ocrx_word' id='word_1_103' title='bbox 56 3344 115 3419; x_wconf 83' lang='lat' dir='ltr'>VI</span> <span class='ocrx_word' id='word_1_104' title='bbox 145 3348 247 3418; x_wconf 82' lang='lat'>8012</span> <span class='ocrx_word' id='word_1_105' title='bbox 276 3346 386 3418; x_wconf 90' lang='lat' dir='ltr'>Roma</span> 
     </span>
    </p>
   </div>
   <div class='ocr_carea' id='block_1_10' title="bbox 169 3497 1344 4342">
    <p class='ocr_par' dir='ltr' id='par_1_10' title="bbox 169 3497 1344 3728">
     <span class='ocr_line' id='line_1_21' title="bbox 171 3497 1344 3602; baseline -0.002 -25"><span class='ocrx_word' id='word_1_106' title='bbox 171 3504 210 3577; x_wconf 85' lang='lat' dir='ltr'>G.</span> <span class='ocrx_word' id='word_1_107' title='bbox 231 3503 411 3595; x_wconf 82' lang='lat' dir='ltr'>Gargilius</span> <span class='ocrx_word' id='word_1_108' title='bbox 430 3505 587 3577; x_wconf 86' lang='lat' dir='ltr'>Haemon</span> <span class='ocrx_word' id='word_1_109' title='bbox 604 3504 744 3577; x_wconf 88' lang='lat' dir='ltr'>Proculi</span> <span class='ocrx_word' id='word_1_110' title='bbox 761 3497 767 3602; x_wconf 97' lang='grc' dir='ltr'>Ι</span> <span class='ocrx_word' id='word_1_111' title='bbox 790 3503 948 3595; x_wconf 90' lang='lat' dir='ltr'>Philagri</span> <span class='ocrx_word' id='word_1_112' title='bbox 967 3502 1039 3575; x_wconf 85' lang='lat' dir='ltr'>divi</span> <span class='ocrx_word' id='word_1_113' title='bbox 1057 3504 1150 3594; x_wconf 91' lang='lat' dir='ltr'>Aug.</span> <span class='ocrx_word' id='word_1_114' title='bbox 1170 3503 1194 3574; x_wconf 95' lang='lat' dir='ltr'>l.</span> <span class='ocrx_word' id='word_1_115' title='bbox 1214 3503 1344 3594; x_wconf 85' lang='lat' dir='ltr'>Agrip-</span> 
     </span>
     <span class='ocr_line' id='line_1_22' title="bbox 169 3622 1116 3728; baseline 0 -28"><span class='ocrx_word' id='word_1_116' title='bbox 169 3629 266 3720; x_wconf 90' lang='lat' dir='ltr'>piani</span> <span class='ocrx_word' id='word_1_117' title='bbox 283 3628 309 3700; x_wconf 90' lang='lat' dir='ltr'>f.</span> <span class='ocrx_word' id='word_1_118' title='bbox 334 3625 341 3728; x_wconf 95' lang='grc' dir='ltr'>Ι</span> <span class='ocrx_word' id='word_1_119' title='bbox 364 3630 586 3721; x_wconf 89' lang='lat' dir='ltr'>paedagogus</span> <span class='ocrx_word' id='word_1_120' title='bbox 604 3629 697 3701; x_wconf 87' lang='lat' dir='ltr'>idem</span> <span class='ocrx_word' id='word_1_121' title='bbox 715 3629 739 3701; x_wconf 93' lang='grc'>1.</span> <span class='ocrx_word' id='word_1_122' title='bbox 766 3623 771 3728; x_wconf 97' lang='grc' dir='ltr'>Ι</span> <span class='ocrx_word' id='word_1_123' title='bbox 795 3629 875 3719; x_wconf 91' lang='lat' dir='ltr'>pius</span> <span class='ocrx_word' id='word_1_124' title='bbox 894 3635 929 3700; x_wconf 89' lang='lat' dir='ltr'>et</span> <span class='ocrx_word' id='word_1_125' title='bbox 947 3634 1085 3700; x_wconf 89' lang='lat' dir='ltr'>sanctus</span> <span class='ocrx_word' id='word_1_126' title='bbox 1109 3622 1116 3727; x_wconf 96' lang='grc' dir='ltr'>Ι</span> 
     </span>
    </p>

    <p class='ocr_par' dir='ltr' id='par_1_11' title="bbox 276 3754 1075 3847">
     <span class='ocr_line' id='line_1_23' title="bbox 276 3754 1075 3847; baseline -0.001 -21"><span class='ocrx_word' id='word_1_127' title='bbox 276 3755 360 3847; x_wconf 85' lang='lat' dir='ltr'>vixi,</span> <span class='ocrx_word' id='word_1_128' title='bbox 380 3776 482 3846; x_wconf 90' lang='lat' dir='ltr'>quam</span> <span class='ocrx_word' id='word_1_129' title='bbox 500 3755 561 3826; x_wconf 91' lang='lat' dir='ltr'>din</span> <span class='ocrx_word' id='word_1_130' title='bbox 578 3755 688 3845; x_wconf 86' lang='lat' dir='ltr'>potui,</span> <span class='ocrx_word' id='word_1_131' title='bbox 707 3755 782 3826; x_wconf 91' lang='lat' dir='ltr'>sine</span> <span class='ocrx_word' id='word_1_132' title='bbox 800 3754 873 3844; x_wconf 88' lang='lat' dir='ltr'>lite,</span> <span class='ocrx_word' id='word_1_133' title='bbox 894 3754 968 3825; x_wconf 88' lang='lat' dir='ltr'>sine</span> <span class='ocrx_word' id='word_1_134' title='bbox 986 3754 1075 3844; x_wconf 82' lang='lat' dir='ltr'>rixa,</span> 
     </span>
    </p>

    <p class='ocr_par' dir='ltr' id='par_1_12' title="bbox 278 3877 951 3969">
     <span class='ocr_line' id='line_1_24' title="bbox 278 3877 951 3969; baseline -0.001 -19"><span class='ocrx_word' id='word_1_135' title='bbox 278 3880 352 3950; x_wconf 91' lang='lat' dir='ltr'>sine</span> <span class='ocrx_word' id='word_1_136' title='bbox 370 3880 615 3968; x_wconf 87' lang='lat' dir='ltr'>controversia,</span> <span class='ocrx_word' id='word_1_137' title='bbox 635 3879 710 3951; x_wconf 89' lang='lat' dir='ltr'>sine</span> <span class='ocrx_word' id='word_1_138' title='bbox 728 3900 809 3951; x_wconf 88' lang='lat' dir='ltr'>acre</span> <span class='ocrx_word' id='word_1_139' title='bbox 827 3877 951 3969; x_wconf 88' lang='lat' dir='ltr'>alieno,</span> 
     </span>
    </p>

    <p class='ocr_par' dir='ltr' id='par_1_13' title="bbox 278 4002 853 4095">
     <span class='ocr_line' id='line_1_25' title="bbox 278 4002 853 4095; baseline -0.003 -20"><span class='ocrx_word' id='word_1_140' title='bbox 278 4004 397 4076; x_wconf 90' lang='lat' dir='ltr'>amicis</span> <span class='ocrx_word' id='word_1_141' title='bbox 414 4002 516 4075; x_wconf 89' lang='lat' dir='ltr'>fidem</span> <span class='ocrx_word' id='word_1_142' title='bbox 536 4003 660 4075; x_wconf 89' lang='lat' dir='ltr'>bonam</span> <span class='ocrx_word' id='word_1_143' title='bbox 677 4004 853 4095; x_wconf 86' lang='lat' dir='ltr'>praestiti,</span> 
     </span>
    </p>

    <p class='ocr_par' dir='ltr' id='par_1_14' title="bbox 277 4127 963 4219">
     <span class='ocr_line' id='line_1_26' title="bbox 277 4127 963 4219; baseline -0.001 -20"><span class='ocrx_word' id='word_1_144' title='bbox 277 4128 410 4217; x_wconf 85' lang='lat' dir='ltr'>peculio</span> <span class='ocrx_word' id='word_1_145' title='bbox 429 4148 572 4219; x_wconf 87' lang='lat' dir='ltr'>pauper,</span> <span class='ocrx_word' id='word_1_146' title='bbox 592 4129 706 4200; x_wconf 89' lang='lat' dir='ltr'>animc</span> <span class='ocrx_word' id='word_1_147' title='bbox 726 4127 963 4200; x_wconf 84' lang='lat' dir='ltr'>divitissimus.</span> 
     </span>
    </p>

    <p class='ocr_par' dir='ltr' id='par_1_15' title="bbox 276 4249 1190 4342">
     <span class='ocr_line' id='line_1_27' title="bbox 276 4249 1190 4342; baseline 0.001 -20"><span class='ocrx_word' id='word_1_148' title='bbox 276 4251 364 4323; x_wconf 88' lang='lat' dir='ltr'>bene</span> <span class='ocrx_word' id='word_1_149' title='bbox 383 4251 498 4324; x_wconf 84' lang='lat' dir='ltr'>valeat</span> <span class='ocrx_word' id='word_1_150' title='bbox 515 4252 558 4341; x_wconf 77' lang='lat' dir='ltr'>ia,</span> <span class='ocrx_word' id='word_1_151' title='bbox 578 4253 638 4342; x_wconf 91' lang='lat' dir='ltr'>qui</span> <span class='ocrx_word' id='word_1_152' title='bbox 656 4252 721 4324; x_wconf 91' lang='lat' dir='ltr'>hcc</span> <span class='ocrx_word' id='word_1_153' title='bbox 739 4251 880 4323; x_wconf 87' lang='lat' dir='ltr'>titulum</span> <span class='ocrx_word' id='word_1_154' title='bbox 897 4249 1049 4341; x_wconf 85' lang='lat' dir='ltr'>perlegit</span> <span class='ocrx_word' id='word_1_155' title='bbox 1066 4271 1190 4323; x_wconf 88' lang='lat' dir='ltr'>meum.</span> 
     </span>
    </p>
   </div>
   <div class='ocr_carea' id='block_1_11' title="bbox 130 4483 1343 4649">
    <p class='ocr_par' dir='ltr' id='par_1_16' title="bbox 130 4483 1343 4649">
     <span class='ocr_line' id='line_1_28' title="bbox 130 4483 1343 4649; baseline -0.002 -13"><span class='ocrx_word' id='word_1_156' title='bbox 130 4575 216 4636; x_wconf 84' lang='grc'>3-7</span> <span class='ocrx_word' id='word_1_157' title='bbox 236 4483 300 4633; x_wconf 86' lang='lat' dir='ltr'>&#39;adB</span> <span class='ocrx_word' id='word_1_158' title='bbox 312 4486 446 4632; x_wconf 60' lang='lat' dir='ltr'>sicininios</span> <span class='ocrx_word' id='word_1_159' title='bbox 473 4571 600 4632; x_wconf 87' lang='lat' dir='ltr'>tetendit</span> <span class='ocrx_word' id='word_1_160' title='bbox 627 4578 739 4646; x_wconf 83' lang='lat' dir='ltr'>auctor,</span> <span class='ocrx_word' id='word_1_161' title='bbox 777 4571 875 4631; x_wconf 85' lang='lat' dir='ltr'>effecit</span> <span class='ocrx_word' id='word_1_162' title='bbox 911 4572 983 4631; x_wconf 86' lang='lat' dir='ltr'>duos</span> <span class='ocrx_word' id='word_1_163' title='bbox 1020 4541 1138 4649; x_wconf 71' lang='lat'>(6-7)</span> <span class='ocrx_word' id='word_1_164' title='bbox 1162 4571 1343 4645; x_wconf 66' lang='lat' dir='ltr'>tolerabiles</span> 
     </span>
    </p>
   </div>
   <div class='ocr_carea' id='block_1_12' title="bbox 56 4658 1039 4741">
    <p class='ocr_par' dir='ltr' id='par_1_17' title="bbox 56 4658 1039 4741">
     <span class='ocr_line' id='line_1_29' title="bbox 56 4658 1039 4741; baseline -0.004 -16"><span class='ocrx_word' id='word_1_165' title='bbox 56 4666 90 4725; x_wconf 83' lang='lat'>5.</span> <span class='ocrx_word' id='word_1_166' title='bbox 109 4662 190 4724; x_wconf 87' lang='lat' dir='ltr'>bona</span> <span class='ocrx_word' id='word_1_167' title='bbox 208 4662 344 4724; x_wconf 86' lang='lat' dir='ltr'>clausula</span> <span class='ocrx_word' id='word_1_168' title='bbox 352 4658 505 4741; x_wconf 81' lang='lat' dir='ltr'>praestiti</span> <span class='ocrx_word' id='word_1_169' title='bbox 522 4658 639 4723; x_wconf 83' lang='lat' dir='ltr'>bonam.</span> <span class='ocrx_word' id='word_1_170' title='bbox 662 4661 710 4721; x_wconf 79' lang='lat' dir='ltr'>nd</span> <span class='ocrx_word' id='word_1_171' title='bbox 729 4666 801 4722; x_wconf 84' lang='lat' dir='ltr'>sent</span> <span class='ocrx_word' id='word_1_172' title='bbox 821 4659 857 4723; x_wconf 88' lang='lat' dir='ltr'>cf.</span> <span class='ocrx_word' id='word_1_173' title='bbox 875 4662 925 4737; x_wconf 85' lang='lat' dir='ltr'>Vl,</span> <span class='ocrx_word' id='word_1_174' title='bbox 944 4664 1039 4722; x_wconf 82' lang='lat'><strong>2489.</strong></span> 
     </span>
    </p>
   </div>
   <div class='ocr_carea' id='block_1_13' title="bbox 0 0 1632 5408">
    <p class='ocr_par' dir='ltr' id='par_1_18' title="bbox 0 0 1632 5408">
     <span class='ocr_line' id='line_1_30' title="bbox 0 0 1632 5408; baseline 0 6"><span class='ocrx_word' id='word_1_175' title='bbox 0 0 1632 5408; x_wconf 95' lang='lat' dir='ltr'> </span> 
     </span>
    </p>
   </div>
  </div>
 </body>
</html>
