3254 5408
722 323 934 393 -nvo-

778 608 892 678 1147.

185 723 273 798 VIII
305 729 428 799 16463
459 726 605 799 el-Lehs

733 853 755 924 d
808 874 843 924 m
897 874 914 925 s

292 974 431 1048 Primus
448 977 533 1048 mihi
552 998 675 1049 nomen
695 985 781 1070 erat,
802 978 884 1048 dum
902 978 976 1051 vita
994 979 1169 1051 manebat:

291 1099 414 1190 Regna
431 1099 523 1172 infra
541 1101 629 1174 caeli
646 1101 827 1174 mandatus
845 1102 921 1174 luce
940 1103 1097 1193 quiesco;

291 1223 365 1295 Iam
384 1244 505 1296 secura
523 1226 632 1316 quies,
652 1226 785 1297 nullum
803 1228 873 1299 iam
890 1228 984 1298 vitae
1002 1226 1181 1318 periclum.

291 1348 394 1420 Mens
411 1349 497 1421 mihi
516 1357 636 1423 sancta
653 1349 877 1443 1116166166
895 1359 930 1422 et
948 1359 1086 1423 servata
1104 1351 1274 1425 voluntas.

293 1472 342 1566 [V

293 1596 333 1690 [S

249 1885 280 1943 4.
298 1897 364 1940 cunr
383 1791 512 1954 lffpiddd
530 1878 609 1940 infra
626 1879 752 1942 fractum
775 1898 835 1942 non
861 1887 986 1956 constat,
1013 1899 1135 1944 necesse
1162 1889 1209 1945 est
1235 1885 1329 1945 ultera
1357 1884 1458 1945 tabula

180 1987 249 2030 cnm
266 1970 325 2030 ista
342 1970 500 2030 coniuncta
517 1971 649 2044 perierit
666 1971 770 2031 ludere
788 1971 859 2032 licet
876 1973 923 2032 vel
940 1973 973 2032 in
990 1971 1068 2032 hunc
1086 1973 1214 2033 modum:

393 2097 502 2156 Vivere
521 2095 680 2156 debueram
699 2096 757 2155 iam
776 2097 861 2156 annis
879 2094 943 2156 lere
962 2103 1089 2158 eentum:
1107 2096 1226 2172 licebat·

396 2185 448 2246 Set
465 2185 535 2259 quia
552 2191 620 2245 sunt
637 2201 748 2260 manes,
765 2186 805 2245 sit
822 2180 893 2252 mihi
911 2192 994 2246 terra
1011 2187 1094 2247 levis!

178 2306 217 2457 {t
236 2309 311 2458 VhIIIl
324 2313 399 2373 403.
425 2313 541 2382 116943
559 2327 586 2370 v.
606 2313 624 2370 6
645 2305 817 2385 aoirtutic,
834 2306 908 2384 ocri,
926 2307 1050 2373 oiomda'
1065 2312 1198 2386 potuisse
1216 2311 1348 2386 incipere
1366 2319 1452 2388 putat

206 2414 262 2458 neo
283 2414 354 2460 eer.

770 2649 884 2719 1148.

177 2773 229 2848 IX
259 2775 308 2845 60
327 2770 559 2856 ¹Brundisium
636 2777 639 2783 ’
937 2770 1025 2844 «litt.
1045 2793 1073 2842 s.
1094 2771 1111 2842 1
1130 2793 1184 2844 ex.
1204 2771 1262 2845 vel
1278 2773 1381 2864 incip.
1402 2773 1455 2846 ΙΙ»

457 2932 488 3003 si
505 2932 575 3003 non
591 2930 774 3003 molestum
792 2937 857 3023 est,
877 2932 1013 3023 hospes,
1034 2933 1183 3005 consiste
1202 2933 1238 3005 et
1255 2932 1344 3024 lege.

284 3056 431 3129 navibus
447 3054 606 3128 velivolis
624 3077 786 3146 magnum
804 3076 900 3129 mare
918 3077 1021 3147 saepe
1039 3057 1187 3150 cucurri,

284 3182 412 3254 accessi
430 3186 543 3252 terras
561 3180 760 3271 conplures3
779 3182 948 3253 terminus
966 3179 1024 3253 hic
1042 3187 1106 3272 est,

284 3325 384 3396 quem
402 3303 486 3375 mihi
504 3305 658 3376 nascenti
676 3303 849 3394 quendem
866 3304 996 3378 Parcae
1015 3305 1187 3377 cecinere:

283 3429 340 3500 hic
358 3449 453 3500 meas
471 3427 617 3519 deposui
635 3447 736 3500 curas
755 3448 940 3519 omnesque
957 3428 1105 3518 laborer,

284 3553 398 3625 sidera
416 3573 484 3623 non
502 3552 607 3623 timeo
626 3552 683 3624 hic
700 3572 764 3624 nec
781 3551 914 3623 nimbos
933 3573 997 3624 nec
1013 3573 1108 3624 mare
1125 3572 1278 3644 saevom,

282 3699 346 3750 nec
363 3682 490 3766 metuo,
511 3680 669 3766 sumptus
686 3677 723 3747 ni
741 3682 923 3767 quaestum
942 3676 1079 3749 vincere
1097 3677 1220 3767 possit.

281 3801 371 3874 alma
388 3800 509 3874 Fides!
529 3800 595 3873 tibi
615 3822 680 3892 ugo
699 3810 829 3892 grates,
849 3801 1078 3875 sanctissume
1096 3800 1192 3874 diva:

281 3925 420 3998 fortuna
437 3924 588 3998 infracta
605 3931 661 3997 ter
678 3946 733 3997 me
752 3924 881 3997 fessum
899 3926 1082 4015 recreasti;

280 4056 319 4121 tu
339 4051 444 4140 digna
463 4069 512 4141 es,
531 4071 635 4140 quam
653 4048 817 4121 mortales
836 4054 958 4140 optent
975 4049 1043 4121 sibi
1062 4050 1187 4121 cuncti.

279 4175 417 4265 hospes,
437 4175 527 4265 vive,
547 4173 640 4246 vale!
661 4174 697 4244 in
715 4178 888 4263 sumptum
908 4178 1049 4264 superet
1067 4172 1132 4243 tibi
1151 4192 1298 4263 semper,

280 4320 348 4389 qua
366 4320 434 4370 non
453 4299 616 4390 sprevisti
635 4299 725 4371 hunc
743 4297 893 4388 lapidem
911 4298 1121 4389 dignumque
1141 4297 1276 4369 dicasti.

238 4558 267 4616 3.
293 4550 359 4617 hice
385 4555 471 4628 lapis
498 4549 605 4633 hicme)
632 4555 807 4626 Mommsen3
853 4557 881 4614 5.
908 4548 957 4615 aie
983 4521 1068 4616 meae
1095 4552 1281 4627 bisyllabum3
1317 4551 1448 4613 notanda

170 4643 353 4704 adlitteratio
372 4661 428 4705 v.v.
448 4647 477 4705 2.
498 4646 526 4704 6.
550 4649 598 4716 11;
646 4647 695 4704 12.
714 4659 777 4721 pua
795 4660 849 4718 pro
868 4637 1000 4721 qomodo.
