3254 5408
700 351 914 420 ...34-

276 566 301 653 i,
321 585 422 654 nnnc,
444 569 479 633 et
498 558 619 634 dubias
637 561 788 633 fatorum
807 562 948 651 neclege
968 561 1098 633 clades!

277 690 425 759 coniunx
444 687 534 777 qnod
554 688 676 777 potnit,
697 687 837 757 titulum
856 688 940 757 mihi
960 685 1112 756 reddidit
1129 687 1202 757 uni.

243 910 268 964 1.
287 904 404 962 litterae
432 901 520 961 MAG
546 901 706 960 Hnebnero
736 901 823 976 (ΕΠ.
842 918 870 973 p.
889 903 954 959 404
974 918 1002 958 n.
1025 899 1122 977 1131)
1150 916 1206 958 nec
1233 916 1293 960 non
1322 906 1355 959 et
1383 901 1454 959 mihi

169 992 269 1065 lapide
288 994 353 1065 ipso
372 996 537 1065 ectypoqne
555 989 694 1062 plumbeo
713 994 868 1061 reportato
888 989 1046 1062 diligenter
1074 989 1249 1048 examinatis
1277 990 1362 1048 visae
1388 996 1453 1048 sunt

170 1098 294 1139 amann
322 1081 435 1138 recenti
463 1079 629 1149 restitutam
657 1073 841 1155 Pomptinas
859 1079 906 1137 vel
925 1073 1096 1138 Norbanus
1123 1077 1293 1136 dubitanter
1322 1080 1453 1137 coniecit

170 1170 310 1229 Hnebner
329 1170 348 1229 l.
367 1186 401 1240 c.;
430 1167 566 1241 equidem
593 1168 751 1226 lectionem
778 1183 911 1244 mappam
928 1172 1000 1240 puto
1019 1172 1101 1225 reete
1120 1183 1152 1225 se
1170 1166 1292 1241 habere,
1311 1167 1367 1226 sed
1385 1184 1451 1240 pec·

170 1275 253 1318 casse
281 1257 510 1332 quadratarinm,
530 1257 580 1329 qni
599 1257 634 1316 ta
651 1273 706 1328 pro
727 1255 839 1333 talam)
868 1255 1016 1326 inciderit·
1043 1254 1120 1313 ludit
1147 1255 1265 1315 omnino
1294 1254 1450 1314 defunctus

169 1348 338 1407 Alexander
365 1347 483 1406 nomine
511 1362 572 1418 sno,
600 1345 733 1404 laborem
761 1362 844 1403 sunm
872 1345 954 1403 inre
973 1343 1144 1403 medicinali
1171 1361 1237 1402 eum
1265 1345 1348 1418 regis
1372 1345 1449 1404 illins

169 1437 258 1495 rebus
277 1437 368 1510 gestis
387 1451 569 1507 comparans
588 1433 800 1492 sententiarum
815 1449 906 1492 nexus
915 1433 964 1492 hie
974 1435 1040 1492 erit·
1059 1429 1125 1509 (ille
1142 1431 1219 1511 epo),
1237 1430 1293 1510 qui
1310 1430 1449 1496 retiam

168 1541 276 1585 nemea
296 1527 389 1598 taum,
406 1539 539 1600 1111191113
558 1518 737 1582 Alexander
755 1521 806 1598 (cf.
826 1521 894 1580 andi
913 1527 953 1595 tn,
971 1523 1098 1595 populus
1116 1521 1258 1594 Albanus,
1269 1523 1335 1583 Liv.
1349 1529 1377 1594 1,
1388 1522 1447 1597 24),

169 1608 321 1675 Pallados
339 1610 400 1674 inv.
419 1629 456 1674 m.
475 1628 502 1689 p.
521 1607 655 1672 luderem
680 1607 762 1687 qaod
784 1606 850 1689 feci
875 1606 981 1671 stadio
1006 1626 1072 1671 meo
1099 1607 1165 1694 ipse
1176 1609 1343 1687 proximare
1361 1611 1446 1687 (tibi),

170 1703 266 1764 testor
284 1707 361 1772 cett3
403 1704 431 1761 5.
449 1696 573 1778 pararis
591 1706 688 1773 genet
708 1716 773 1759 esse
791 1699 866 1758 vidit
883 1701 1058 1771 Mommsem
1080 1699 1227 1759 medicum
1246 1701 1297 1774 qui
1316 1701 1444 1760 sibinen

170 1793 266 1865 potnit
284 1791 404 1864 mederi,
422 1790 513 1848 habes
532 1789 581 1862 VI,
602 1791 719 1859 301333
766 1793 794 1848 6.
812 1789 877 1847 init
896 1789 933 1848 cl.
953 1789 1002 1861 Vl,
1023 1792 1118 1861 9693,
1138 1791 1166 1848 7.

779 2060 841 2128 82.

170 2181 351 2254 1119663
382 2180 493 2251 Roma

756 2304 779 2374 d
828 2326 862 2374 m

277 2448 313 2516 in
331 2447 395 2516 liae
413 2445 544 2515 tumulo
564 2447 655 2516 iacet
673 2467 797 2535 corpus
825 2447 1004 2535 exanimis,
1030 2440 1036 2545 Ι
1060 2447 1158 2518 cuius
1186 2448 1332 2537 spiritus
1358 2450 1442 2520 inter

278 2570 360 2640 deas
379 2576 538 2658 receptus
558 2577 626 2640 est:
653 2561 659 2669 Ι
683 2572 733 2641 sic
752 2572 843 2640 enim
861 2572 991 2640 meruit
1009 2572 1051 2642 L.
1072 2570 1207 2643 Statius
1226 2570 1418 2662 Onesimus,
1435 2569 1440 2674 Ι

276 2696 353 2765 viae
371 2694 507 2784 Appiae
534 2695 721 2765 multarum
749 2716 915 2765 annorum
942 2696 1161 2787 negotiana,
1188 2690 1194 2796 Ι
1217 2697 1319 2768 homo
1347 2719 1442 2789 super

277 2840 395 2889 amnes
422 2818 653 2906 fidelissimus,
680 2812 685 2917 Ι
709 2821 807 2891 cuius
835 2818 927 2890 fama
944 2821 981 2890 in
999 2827 1140 2891 aeterno
1166 2828 1250 2892 nota
1267 2828 1334 2911 est,
1360 2817 1367 2920 Ι
1389 2823 1442 2912 qni

276 2943 364 3013 vixit
392 2944 466 3013 sine
493 2942 628 3014 macula
654 2965 709 3014 an.
729 2964 763 3032 p.
788 2965 835 3014 m.
863 2943 1031 3032 LXVHI;
1056 2939 1063 3042 Ι
1087 2945 1199 3017 Statia
1226 2945 1444 3018 Crescentina

276 3068 377 3138 enirm
402 3060 407 3167 Ι
431 3069 556 3137 marito
584 3068 785 3156 dignissimo
810 3075 846 3137 et
863 3069 1001 3158 merito,
1027 3061 1034 3168 Ι
1057 3090 1134 3140 cum
1162 3090 1229 3161 qno
1256 3071 1348 3142 vixit
1374 3092 1442 3143 cum

276 3191 366 3262 bana
396 3191 578 3262 concordia
610 3184 616 3289 Ι
649 3193 722 3262 sine
754 3191 953 3263 alteritrnm
983 3193 1090 3263 animi
1120 3192 1298 3286 lesionem,
1329 3196 1335 3286 Ι
1363 3196 1445 3267 bene

277 3317 423 3385 merenti
441 3314 535 3387 fecit.
562 3307 567 3413 Ι

620 3527 811 3586 christianam
832 3544 891 3586 nnn
910 3533 990 3600 puto.

239 3618 267 3674 5.
286 3611 427 3691 rrepotius
443 3616 530 3687 lapis3
578 3619 605 3675 9.
625 3615 652 3674 h.
671 3632 696 3676 e.
715 3612 902 3676 altemctram
920 3614 1053 3692 (accus).

236 3702 380 3762 formulae
398 3705 515 3778 aliquae
534 3720 571 3762 ex
589 3706 720 3764 metricis
748 3706 842 3763 titulis
869 3704 1028 3777 decerptae
1054 3704 1166 3777 passim
1185 3714 1355 3784 occurrunt,
1373 3715 1449 3769 totns

171 3798 268 3850 antem
288 3809 384 3853 sermo
403 3793 551 3867 pedester.

781 4011 843 4079 83.

172 4129 223 4200 l'l
254 4136 354 4204 9693
385 4132 492 4202 Rama

757 4256 780 4324 d
829 4277 863 4325 m

278 4397 378 4484 «quid
398 4397 464 4467 sibi
483 4397 584 4488 velt»,
606 4399 756 4487 qnaeris,
779 4397 901 4468 «tellus
919 4406 1113 4488 congesta»,
1134 4399 1262 4471 viator:

384 4522 519 4592 essibus
538 4524 595 4593 hie
615 4545 701 4592 nxcir
719 4525 857 4593 miscuit
877 4545 954 4595 essa
971 4525 1122 4594 meis—

281 4645 406 4716 nnbilis
425 4647 667 4738 Euphrosyne,
687 4646 810 4739 facilis,
831 4647 981 4720 formosa
999 4648 1125 4738 puella,
