3254 5408
643 353 855 422 -455-

136 610 139 623 .
160 581 180 625 a
198 566 249 623 uix
267 570 312 624 est
329 564 505 635 interiectio
553 566 582 625 5.
600 563 749 641 opttestor
767 562 851 637 lapis3
907 567 935 623 6.
957 564 1081 622 omissus
1101 566 1147 621 est
1165 564 1267 623 solitus
1285 570 1388 636 penta-

136 660 215 714 [εἴη
323 759 359 800 ne
379 742 479 800 doleat
496 747 598 800 nostro
617 740 751 799 conditus
771 737 877 801 officio.

700 991 813 1061 1098.

136 1097 161 1168 Ἰ
191 1099 292 1168 9449
321 1097 431 1167 Roma

216 1257 367 1345 PudenS,
386 1258 437 1328 M.
457 1256 585 1346 Lepidi
603 1256 627 1328 l.
647 1256 893 1345 grammaticus
918 1249 923 1349 Ι

216 1386 419 1471 procurator
438 1402 532 1451 eram
551 1380 706 1470 Lepidae
724 1400 903 1470 moresque
923 1379 1101 1469 regebam:

322 1507 402 1575 dum
421 1507 503 1597 vixi,
525 1506 652 1576 mansit
671 1505 830 1578 Caesaris
848 1504 911 1575 illa
928 1525 1047 1575 nurus.

534 1629 736 1719 Philologus
754 1628 943 1718 discipulus
966 1622 972 1726 l

176 1913 214 1971 de
233 1824 429 1972 aautftibbb
448 1909 485 1971 cf.
506 1911 676 1970 Henzennrn
696 1917 727 1969 et
745 1911 960 1971 Buechelerum
979 1910 1018 1970 ad
1035 1912 1081 1971 tit.

699 2163 811 2232 1099.

136 2266 157 2337 1
187 2270 290 2339 9797
318 2269 428 2339 Roma

322 2427 445 2518 Ursus,
466 2431 607 2516 togatus
625 2427 739 2497 vitrea
758 2426 816 2515 qui
834 2426 966 2514 primus
984 2424 1055 2515 pila

320 2551 389 2623 lusi
408 2551 570 2622 decenter
588 2571 665 2621 cum
683 2550 770 2620 meis
788 2549 974 2638 lusoribus

321 2675 483 2746 laudante
502 2674 628 2764 populo
647 2674 805 2745 maximis
825 2673 1042 2765 clamoribus

320 2800 468 2871 thermis
487 2800 652 2888 Troiiani,
673 2799 818 2869 thermis
836 2799 1014 2888 Agrippae
1034 2804 1069 2869 et
1088 2799 1170 2889 Titi,

322 2924 468 2994 multum
487 2932 523 2995 et
540 2924 701 3015 Neronis,
722 2923 752 2993 si
771 2930 888 2993 tamen
906 2923 992 2993 mihi
1010 2922 1163 3013 creditis,

322 3069 385 3139 ego
405 3069 496 3118 sum:
518 3055 660 3119 ovantes
678 3047 870 3137 convenite,
889 3046 1061 3137 pilicrepi,

320 3179 538 3261 statuamque
556 3172 657 3242 amici
676 3169 879 3242 floribus—
890 3170 1002 3262 violis,
1021 3173 1110 3243 rosis
1121 3212 1172 3223 —

320 3295 471 3385 folioque
489 3296 598 3367 multo
616 3296 727 3386 adque
745 3302 921 3388 unguento
940 3296 1092 3369 marcido

320 3429 461 3492 onerate
480 3430 645 3511 amantes,
666 3428 701 3492 et
719 3443 852 3492 merum
870 3420 1070 3512 profundite

320 3547 458 3635 nigrum
477 3546 678 3634 Falernum,
699 3554 760 3616 aut
777 3545 945 3636 Setinum,
965 3552 1026 3617 aut
1044 3544 1250 3637 Caecubum,

321 3671 400 3739 vivo
420 3691 459 3740 ac
477 3669 609 3740 volenti
628 3669 670 3740 de
689 3672 856 3759 apotheca
875 3670 1055 3759 dominica,

320 3793 516 3882 Ursumque
536 3794 649 3864 canite
669 3814 750 3865 voce
769 3795 930 3866 concordi
949 3816 1065 3867 senem

321 3918 477 4007 hilarem,
498 3919 661 4008 iocosum,
682 3920 897 4011 pilicrepum,
917 3898 1169 4009 scholasticum,

321 4044 380 4132 qui
401 4044 486 4112 uicit
504 4063 621 4112 omnes
640 4051 875 4115 antecessores
893 4065 972 4115 suos

322 4188 435 4253 sensu,
457 4167 579 4238 decore
598 4167 709 4256 adque
727 4174 803 4238 arte
821 4169 1059 4259 suptilissima.

321 4313 410 4362 nunc
429 4314 512 4362 vera
530 4313 633 4363 versu
650 4293 757 4364 verba
775 4293 929 4365 dicamus
948 4315 1063 4365 senes:

321 4437 396 4484 sum
417 4418 674 4505 victus—ipse
693 4415 897 4488 fateor—a
914 4424 969 4489 ter
988 4417 1125 4489 consule

322 4539 415 4609 Vero
434 4547 591 4631 patrono,
612 4562 675 4611 nec
693 4541 811 4630 semel,
831 4541 891 4613 sed
911 4542 1059 4632 saepius

322 4665 419 4735 ouius
438 4665 588 4735 libenter
606 4665 703 4736 dicor
721 4665 929 4738 exodiarius.
