3254 5408
710 367 922 439 -147-

283 589 388 656 natus
406 603 482 656 sum
500 601 633 655 summa
649 581 687 654 iu
705 583 883 675 pauperie,
902 583 1016 654 merui
1032 586 1113 674 post
1130 579 1294 655 classicus
1311 579 1412 654 miles

283 710 328 782 ad
345 709 439 782 latus
456 709 610 799 Augusti
628 728 735 781 annos
754 713 954 799 septemque
973 707 1159 798 decemque

169 854 189 907 5
283 833 378 906 nullo
398 833 489 923 odio,
509 835 584 906 sine
604 833 744 927 offensa,
763 833 889 906 missus
907 833 1071 926 quoq(ne)
1088 833 1245 906 honeste.

245 1106 274 1163 3.
294 1101 486 1176 archetypum
506 1116 572 1160 esse
590 1099 757 1161 huiusmodi
776 1101 885 1160 conicit
903 1101 1083 1161 Mommsen:

392 1194 480 1249 natus
499 1206 563 1248 sum
581 1205 703 1264 pauper,
721 1207 760 1253 m.
777 1207 806 1263 p.
825 1190 862 1252 cl.
880 1191 942 1252 mil.

247 1281 276 1341 5.
293 1274 383 1340 aeuo
400 1275 517 1357 offenso
535 1279 653 1352 reponit
670 1279 844 1340 Buecheler.

247 1374 277 1429 4.
295 1363 339 1429 od
356 1363 442 1429 lotus
471 1363 607 1446 Aupacsti
625 1368 652 1430 h.
672 1385 697 1429 e.
716 1369 828 1429 Rornae
855 1369 888 1427 in
914 1369 1022 1428 castris
1048 1367 1242 1428 Misenatium
1269 1369 1318 1429 vel
1345 1369 1460 1428 Raven-

179 1459 294 1517 natium
312 1456 514 1535 (Mommsen).
897 1492 900 1499 ·

782 1658 871 1729 350.

185 1760 213 1832 V
244 1765 344 1835 1666
372 1761 537 1853 Aquileia

287 1904 452 1977 indicium
487 1903 605 1976 future
641 1904 821 1995 pudicitie,
852 1903 1030 1996 Gerontia,
1060 1924 1099 1976 sa
1122 1896 1128 2005 Ι
1151 1906 1305 1996 pientiae
1331 1904 1458 1996 lumen,

287 2030 442 2101 moribus
461 2030 608 2119 eximiis,
629 2028 733 2100 decus
757 2028 763 2124 Ι
787 2031 950 2121 omniurn,
969 2049 1146 2102 merueras
1164 2031 1283 2102 vibere
1301 2029 1392 2102 seclo
1417 2022 1423 2128 Ι
1449 2051 1458 2117 ;

289 2154 505 2245 genitoribus
524 2153 639 2225 subito
665 2154 802 2225 miseris
829 2161 933 2245 rapta
960 2176 998 2226 es
1026 2149 1184 2255 1Ι11ο11
1211 2155 1352 2226 iubente
1380 2160 1461 2245 post

287 2278 471 2370 undecim)
507 2278 606 2350 aunis
630 2270 635 2376 Ι
660 2263 788 2349 additis
823 2279 944 2352 XXIII
980 2280 1113 2352 diebus.
1152 2301 1206 2372 eu,
1240 2268 1462 2382 miserandol

289 2403 390 2475 nobis
426 2404 499 2475 dies
535 2403 685 2494 pariter,
722 2425 824 2493 quam
861 2405 972 2477 multa
1006 2410 1046 2477 tu
1071 2407 1076 2497 Ι
1100 2405 1175 2477 listi
1215 2406 1388 2478 Stercorio
1425 2410 1461 2476 et

288 2529 467 2621 Dizaneti‚
496 2529 556 2620 qui
579 2522 585 2627 Ι
610 2534 730 2600 contra
756 2534 875 2601 votum
902 2530 964 2602 hos
991 2529 1113 2601 titulos
1138 2530 1283 2601 memori
1307 2523 1313 2629 Ι
1338 2550 1461 2620 amque

287 2646 490 2752 locarunt}

248 2833 336 2892 metri
355 2831 496 2906 dactylici
512 2831 678 2907 paganique
697 2831 852 2906 archetypi
869 2831 981 2906 passim
999 2831 1133 2906 vestigia

785 3066 872 3136 351.

188 3172 217 3244 V
247 3176 349 3245 2013
380 3170 600 3263 Opitergium

288 3315 440 3387 Serenus
465 3312 647 3406 Valeriu[s
674 3312 725 3405 et]
752 3307 758 3410 Ι
783 3311 913 3384 Serena
948 3313 1103 3386 MaxIma
1138 3312 1209 3386 filio
1234 3307 1240 3414 Ι
1264 3313 1461 3387 dulcissimo

289 3438 418 3512 Valent
441 3430 447 3538 Ι
471 3439 588 3509 iniano
606 3458 652 3509 m.
672 3436 830 3509 fecerunt
854 3437 860 3530 Ι
885 3439 945 3527 qui
967 3439 1058 3510 vixit
1075 3460 1182 3511 annos
1201 3440 1235 3514 V
1254 3439 1287 3512 d.
1306 3441 1408 3514 XXX
1432 3442 1437 3530 Ι

396 3563 520 3636 acerbo
538 3562 659 3634 funere
678 3562 797 3654 lapsus

252 3745 281 3803 3.
300 3757 414 3813 acervo,
432 3735 539 3802 labetes
557 3739 633 3812 lapis
652 3737 698 3815 (ut
716 3739 842 3815 videtur,
860 3739 898 3803 cf.
920 3741 999 3820 add.)

252 3836 281 3892 3.
301 3836 347 3891 est
363 3830 497 3890 clausula
514 3829 692 3889 hexametri:

618 3915 722 3979 iuuere
740 3911 841 3992 lapsui
860 3920 978 3994 acerbo;

186 4026 255 4070 sane
274 4014 429 4083 exspectes
446 4009 568 4088 raptae.

785 4209 874 4279 352.

185 4312 216 4384 V
246 4316 350 4385 2417
380 4311 530 4385 Ferrara

398 4455 497 4527 Festi
514 4455 555 4545 Q.
576 4455 695 4545 PapIri
713 4457 825 4528 Prisci
844 4455 1010 4548 delidati)
1034 4448 1040 4556 Ι

290 4602 400 4672 parva
417 4581 481 4652 sub
500 4580 565 4652 hoc
582 4579 687 4652 titulo
705 4580 805 4652 Festi
823 4587 904 4652 sunt
922 4602 1001 4654 ossa
1017 4581 1148 4673 lapillo,

398 4727 487 4799 quae
505 4727 663 4777 maerens
681 4704 753 4777 fato
773 4705 927 4778 condidit
945 4707 1020 4797 ipse
1038 4713 1150 4798 pater.

1198 4825 1248 4881 ιο·
